@article{Wei2018CorticalMT,
  title={Cortical magnetization transfer abnormalities and connectome dysconnectivity in schizophrenia},
  author={Yongbin Wei and Guusje Collin and Ren{\'e} C. W. Mandl and Wiepke Cahn and Martijn P. van den Heuvel},
  journal={Schizophrenia Research},
  year={2018},
  volume={192},
  pages={172-178}
}

@article{WEI2019bigbrain,
author = {Wei, Yongbin and Scholtens, Lianne H. and Turk, Elise and van den Heuvel, Martijn P.},
title = {Multiscale examination of cytoarchitectonic similarity and human brain connectivity},
journal = {Network Neuroscience},
volume = {3},
number = {1},
pages = {124-137},
year = {2019},
doi = {10.1162/netn\_a\_00057},
URL = {https://doi.org/10.1162/netn_a_00057},
eprint = {https://doi.org/10.1162/netn_a_00057}
}

@article{CUI2019SCZ,
    author = {Cui, Long-Biao and Wei, Yongbin and Xi, Yi-Bin and Griffa, Alessandra and De Lange, Siemon C and Kahn, René S and Yin, Hong and Van den Heuvel, Martijn P},
    title = "{Connectome-Based Patterns of First-Episode Medication-Naïve Patients With Schizophrenia}",
    journal = {Schizophrenia Bulletin},
    year = {2019},
    month = {03},
    issn = {0586-7614},
    doi = {10.1093/schbul/sbz014},
    url = {https://doi.org/10.1093/schbul/sbz014},
    eprint = {http://oup.prod.sis.lan/schizophreniabulletin/advance-article-pdf/doi/10.1093/schbul/sbz014/28249361/sbz014.pdf},
}

@article{hill2010similar,
  title={Similar patterns of cortical expansion during human development and evolution},
  author={Hill, Jason and Inder, Terrie and Neil, Jeffrey and Dierker, Donna and Harwell, John and Van Essen, David},
  journal={Proceedings of the National Academy of Sciences},
  volume={107},
  number={29},
  pages={13135--13140},
  year={2010},
  publisher={National Acad Sciences}
}

@article{donahue2018quantitative,
  title={Quantitative assessment of prefrontal cortex in humans relative to nonhuman primates},
  author={Donahue, Chad J and Glasser, Matthew F and Preuss, Todd M and Rilling, James K and Van Essen, David C},
  journal={Proceedings of the National Academy of Sciences},
  volume={115},
  number={22},
  pages={E5183--E5192},
  year={2018},
  publisher={National Acad Sciences}
}

@article {Ryu256313,
	author = {Ryu, Hane and Inoue, Fumitaka and Whalen, Sean and Williams, Alex and Kircher, Martin and Martin, Beth and Alvarado, Beatriz and Samee, Md. Abul Hassan and Keough, Kathleen and Thomas, Sean and Kriegstein, Arnold and Shendure, Jay and Pollen, Alex and Ahituv, Nadav and Pollard, Katherine S.},
	title = {Massively parallel dissection of human accelerated regions in human and chimpanzee neural progenitors},
	elocation-id = {256313},
	year = {2018},
	doi = {10.1101/256313},
	publisher = {Cold Spring Harbor Laboratory},
	URL = {https://www.biorxiv.org/content/early/2018/01/29/256313},
	eprint = {https://www.biorxiv.org/content/early/2018/01/29/256313.full.pdf},
	journal = {bioRxiv}
}

@article{scholtens2014linking,
  title={Linking macroscale graph analytical organization to microscale neuroarchitectonics in the macaque connectome},
  author={Scholtens, Lianne H and Schmidt, Ruben and de Reus, Marcel A and van den Heuvel, Martijn P},
  journal={Journal of Neuroscience},
  volume={34},
  number={36},
  pages={12192--12205},
  year={2014},
  publisher={Soc Neuroscience}
}

@article{redies2012cadherins,
  title={Cadherins and neuropsychiatric disorders},
  author={Redies, Christoph and Hertel, Nicole and H{\"u}bner, Christian A},
  journal={Brain research},
  volume={1470},
  pages={130--144},
  year={2012},
  publisher={Elsevier}
}

@article{barbey2018network,
  title={Network neuroscience theory of human intelligence},
  author={Barbey, Aron K},
  journal={Trends in cognitive sciences},
  volume={22},
  number={1},
  pages={8--20},
  year={2018},
  publisher={Elsevier}
}

@inproceedings{Miller2016MultimodalPB,
  title={Multimodal population brain imaging in the UK Biobank prospective epidemiological study},
  author={Karla L. Miller and Fidel Alfaro-Almagro and Neal K. Bangerter and David L. Thomas and Essa Yacoub and Junqian Xu and Andreas J. Bartsch and Sa{\^a}d Jbabdi and Stamatios N. Sotiropoulos and Jesper L. R. Andersson and Ludovica Griffanti and Gwena{\"e}lle Douaud and Thomas W. Okell and Peter J. Weale and Iulius Dragonu and Steve Garratt and Sarah Hudson and Rory Collins and Mark Jenkinson and Paul M. Matthews and Stephen M. Smith},
  booktitle={Nature Neuroscience},
  year={2016}
}

@article{Purcell2007PLINKAT,
  title={PLINK: a tool set for whole-genome association and population-based linkage analyses.},
  author={Shaun M Purcell and Benjamin M. Neale and Kathe Todd-Brown and Lori L Thomas and Manuel A. R. Ferreira and David Bender and Julian B. Maller and Pamela Sklar and Paul I W de Bakker and Mark J. Daly and Pak C. Sham},
  journal={American journal of human genetics},
  year={2007},
  volume={81 3},
  pages={
          559-75
        }
}

@article{Watanabe2019AGO,
  title={A global overview of pleiotropy and genetic architecture in complex traits},
  author={Kyoko Watanabe and Sven Stringer and Oleksandr Frei and Masa Umicevic Mirkov and Christiaan A de Leeuw and Tinca J C Polderman and Sophie van der Sluis and Ole Andreas Andreassen and Benjamin M. Neale and Danielle Posthuma},
  journal={Nature Genetics},
  year={2019},
  volume={51},
  pages={1339-1348}
}

@article{meda2014multivariate,
  title={Multivariate analysis reveals genetic associations of the resting default mode network in psychotic bipolar disorder and schizophrenia},
  author={Meda, Shashwath A and Rua{\~n}o, Gualberto and Windemuth, Andreas and O’Neil, Kasey and Berwise, Clifton and Dunn, Sabra M and Boccaccio, Leah E and Narayanan, Balaji and Kocherla, Mohan and Sprooten, Emma and others},
  journal={Proceedings of the National Academy of Sciences},
  volume={111},
  number={19},
  pages={E2066--E2075},
  year={2014},
  publisher={National Acad Sciences}
}

@article{smith2009correspondence,
  title={Correspondence of the brain's functional architecture during activation and rest},
  author={Smith, Stephen M and Fox, Peter T and Miller, Karla L and Glahn, David C and Fox, P Mickle and Mackay, Clare E and Filippini, Nicola and Watkins, Kate E and Toro, Roberto and Laird, Angela R and others},
  journal={Proceedings of the National Academy of Sciences},
  volume={106},
  number={31},
  pages={13040--13045},
  year={2009},
  publisher={National Acad Sciences}
}

@article{wang2018comprehensive,
  title={Comprehensive functional genomic resource and integrative model for the human brain},
  author={Wang, Daifeng and Liu, Shuang and Warrell, Jonathan and Won, Hyejung and Shi, Xu and Navarro, Fabio CP and Clarke, Declan and Gu, Mengting and Emani, Prashant and Yang, Yucheng T and others},
  journal={Science},
  volume={362},
  number={6420},
  pages={eaat8464},
  year={2018},
  publisher={American Association for the Advancement of Science}
}

@article{Lange2019SharedVF,
  title={Shared vulnerability for connectome alterations across psychiatric and neurological brain disorders},
  author={Siemon C de Lange and Lianne H. Scholtens and Leonard H van den Berg and Marco P M Boks and Marco Bozzali and Wiepke Cahn and Udo Dannlowski and Sarah Durston and Elbert Geuze and Neeltje E M van Haren and Manon H J Hillegers and Kathrin Koch and Mar{\'i}a {\'A}ngeles Jurado and Matteo Mancini and I. Marqu{\'e}s-Iturria and Susanne L. Meinert and Roel A Ophoff and Tim Jonas Reess and Jonathan Repple and Ren{\'e} S. Kahn and Martijn P van den Heuvel},
  journal={Nature Human Behaviour},
  year={2019},
  pages={1-11}
}

@article{Heuvel2019EvolutionaryMI,
  title={Evolutionary modifications in human brain connectivity associated with schizophrenia.},
  author={Martijn P van den Heuvel and Lianne H. Scholtens and Siemon C de Lange and Rory Pijnenburg and Wiepke Cahn and Neeltje E.M . van Haren and Iris E. C. Sommer and Marco Bozzali and Kathrin Koch and Marco P M Boks and Jonathan Repple and Michela Pievani and Longchuan Li and Todd M. Preuss and James K. Rilling},
  journal={Brain : a journal of neurology},
  year={2019}
}
@article{crossley2014hubs,
  title={The hubs of the human connectome are generally implicated in the anatomy of brain disorders},
  author={Crossley, Nicolas A and Mechelli, Andrea and Scott, Jessica and Carletti, Francesco and Fox, Peter T and McGuire, Philip and Bullmore, Edward T},
  journal={Brain},
  volume={137},
  number={8},
  pages={2382--2395},
  year={2014},
  publisher={Oxford University Press}
}

@article{padmanabhan2017default,
  title={The default mode network in autism},
  author={Padmanabhan, Aarthi and Lynch, Charles J and Schaer, Marie and Menon, Vinod},
  journal={Biological Psychiatry: Cognitive Neuroscience and Neuroimaging},
  volume={2},
  number={6},
  pages={476--486},
  year={2017},
  publisher={Elsevier}
}

@article{coetzee1999molecular,
  title={Molecular diversity of K+ channels},
  author={Coetzee, William A and Amarillo, YIMY and Chiu, Joanna and Chow, Alan and Lau, David and McCormack, TOM and Morena, Herman and Nadal, Marcela S and Ozaita, Ander and Pountney, David and others},
  journal={Annals of the New York Academy of Sciences},
  volume={868},
  number={1},
  pages={233--255},
  year={1999},
  publisher={Blackwell Publishing Ltd Oxford, UK}
}

@article{corballis2013mental,
  title={Mental time travel: a case for evolutionary continuity},
  author={Corballis, Michael C},
  journal={Trends in cognitive sciences},
  volume={17},
  number={1},
  pages={5--6},
  year={2013},
  publisher={Elsevier}
}

@article{suddendorf2009mental,
  title={Mental time travel and the shaping of the human mind},
  author={Suddendorf, Thomas and Addis, Donna Rose and Corballis, Michael C},
  journal={Philosophical Transactions of the Royal Society B: Biological Sciences},
  volume={364},
  number={1521},
  pages={1317--1324},
  year={2009},
  publisher={The Royal Society London}
}

@article{hulshoff2006van,
  title={Genetic contributions to human brain morphology and intelligence},
  author={Hulshoff Pol, HE and Schnack, HG and Posthuma, D and Mandl, RC and Baare, WF},
  journal={J Neurosci},
  volume={26},
  number={40},
  pages={10235--10242},
  year={2006}
}

@article{coetzee1999molecular,
  title={Molecular diversity of K+ channels},
  author={Coetzee, William A and Amarillo, YIMY and Chiu, Joanna and Chow, Alan and Lau, David and McCormack, TOM and Morena, Herman and Nadal, Marcela S and Ozaita, Ander and Pountney, David and others},
  journal={Annals of the New York Academy of Sciences},
  volume={868},
  number={1},
  pages={233--255},
  year={1999},
  publisher={Blackwell Publishing Ltd Oxford, UK}
}

@article{sterky2017carbonic,
  title={Carbonic anhydrase-related protein CA10 is an evolutionarily conserved pan-neurexin ligand},
  author={Sterky, Fredrik H and Trotter, Justin H and Lee, Sung-Jin and Recktenwald, Christian V and Du, Xiao and Zhou, Bo and Zhou, Peng and Schwenk, Jochen and Fakler, Bernd and S{\"u}dhof, Thomas C},
  journal={Proceedings of the National Academy of Sciences},
  volume={114},
  number={7},
  pages={E1253--E1262},
  year={2017},
  publisher={National Acad Sciences}
}

@article{hirai2005cbln1,
  title={Cbln1 is essential for synaptic integrity and plasticity in the cerebellum},
  author={Hirai, Hirokazu and Pang, Zhen and Bao, Dashi and Miyazaki, Taisuke and Li, Leyi and Miura, Eriko and Parris, Jennifer and Rong, Yongqi and Watanabe, Masahiko and Yuzaki, Michisuke and others},
  journal={Nature neuroscience},
  volume={8},
  number={11},
  pages={1534},
  year={2005},
  publisher={Nature Publishing Group}
}

@article{vertes2016gene,
  title={Gene transcription profiles associated with inter-modular hubs and connection distance in human functional magnetic resonance imaging networks},
  author={V{\'e}rtes, Petra E and Rittman, Timothy and Whitaker, Kirstie J and Romero-Garcia, Rafael and V{\'a}{\v{s}}a, Franti{\v{s}}ek and Kitzbichler, Manfred G and Wagstyl, Konrad and Fonagy, Peter and Dolan, Raymond J and Jones, Peter B and others},
  journal={Philosophical Transactions of the Royal Society B: Biological Sciences},
  volume={371},
  number={1705},
  pages={20150362},
  year={2016},
  publisher={The Royal Society}
}

@article{otani20162d,
  title={2D and 3D stem cell models of primate cortical development identify species-specific differences in progenitor behavior contributing to brain size},
  author={Otani, Tomoki and Marchetto, Maria C and Gage, Fred H and Simons, Benjamin D and Livesey, Frederick J},
  journal={Cell Stem Cell},
  volume={18},
  number={4},
  pages={467--480},
  year={2016},
  publisher={Elsevier}
}

@article{richiardi2015correlated,
  title={Correlated gene expression supports synchronous activity in brain networks},
  author={Richiardi, Jonas and Altmann, Andre and Milazzo, Anna-Clare and Chang, Catie and Chakravarty, M Mallar and Banaschewski, Tobias and Barker, Gareth J and Bokde, Arun LW and Bromberg, Uli and B{\"u}chel, Christian and others},
  journal={Science},
  volume={348},
  number={6240},
  pages={1241--1244},
  year={2015},
  publisher={American Association for the Advancement of Science}
}

@article{jacobs2001regional,
  title={Regional dendritic and spine variation in human cerebral cortex: a quantitative golgi study},
  author={Jacobs, Bob and Schall, Matthew and Prather, Melissa and Kapler, Elisa and Driscoll, Lori and Baca, Serapio and Jacobs, Jesse and Ford, Kevin and Wainwright, Marcy and Treml, Melinda},
  journal={Cerebral cortex},
  volume={11},
  number={6},
  pages={558--571},
  year={2001},
  publisher={Oxford University Press}
}

@article{krienen2016transcriptional,
  title={Transcriptional profiles of supragranular-enriched genes associate with corticocortical network architecture in the human brain},
  author={Krienen, Fenna M and Yeo, BT Thomas and Ge, Tian and Buckner, Randy L and Sherwood, Chet C},
  journal={Proceedings of the National Academy of Sciences},
  volume={113},
  number={4},
  pages={E469--E478},
  year={2016},
  publisher={National Acad Sciences}
}

@article{vandenheuvel2019multi,
  title={Multi-scale neuroscience of psychiatric disorders},
  author={van den Heuvel, Martijn P and Scholtens, Lianne H and Kahn, Ren{\'e} S},
  journal={Biological Psychiatry},
  year={2019},
  publisher={Elsevier}
}
@article{reardon2018normative,
  title={Normative brain size variation and brain shape diversity in humans},
  author={Reardon, PK and Seidlitz, Jakob and Vandekar, Simon and Liu, Siyuan and Patel, Raihaan and Park, Min Tae M and Alexander-Bloch, Aaron and Clasen, Liv S and Blumenthal, Jonathan D and Lalonde, Francois M and others},
  journal={Science},
  volume={360},
  number={6394},
  pages={1222--1227},
  year={2018},
  publisher={American Association for the Advancement of Science}
}

@article{won2019human,
  title={Human evolved regulatory elements modulate genes involved in cortical expansion and neurodevelopmental disease susceptibility},
  author={Won, Hyejung and Huang, Jerry and Opland, Carli K and Hartl, Chris L and Geschwind, Daniel H},
  journal={Nature communications},
  volume={10},
  number={1},
  pages={2396},
  year={2019},
  publisher={Nature Publishing Group}
}
@article{britten2002divergence,
  title={Divergence between samples of chimpanzee and human DNA sequences is 5\%, counting indels},
  author={Britten, Roy J},
  journal={Proceedings of the National Academy of Sciences},
  volume={99},
  number={21},
  pages={13633--13635},
  year={2002},
  publisher={National Acad Sciences}
}

@article{buckner2013evolution,
  title={The evolution of distributed association networks in the human brain},
  author={Buckner, Randy L and Krienen, Fenna M},
  journal={Trends in cognitive sciences},
  volume={17},
  number={12},
  pages={648--665},
  year={2013},
  publisher={Elsevier}
}

@article{ardesch2019evolutionary,
  title={Evolutionary expansion of connectivity between multimodal association areas in the human brain compared with chimpanzees},
  author={Ardesch, Dirk Jan and Scholtens, Lianne H and Li, Longchuan and Preuss, Todd M and Rilling, James K and van den Heuvel, Martijn P},
  journal={Proceedings of the National Academy of Sciences},
  volume={116},
  number={14},
  pages={7101--7106},
  year={2019},
  publisher={National Acad Sciences}
}

@article{preuss2017chapter,
  title={Chapter 8-The Human Brain: Evolution and Distinctive Features},
  author={Preuss, TM},
  journal={On Human Nature},
  year={2017}
}

@article{buckner2008brain,
  title={The brain's default network: anatomy, function, and relevance to disease.},
  author={Buckner, Randy L and Andrews-Hanna, Jessica R and Schacter, Daniel L},
  year={2008},
  publisher={Blackwell Publishing}
}

@article{uddin2015salience,
  title={Salience processing and insular cortical function and dysfunction},
  author={Uddin, Lucina Q},
  journal={Nature Reviews Neuroscience},
  volume={16},
  number={1},
  pages={55--61},
  year={2015},
  publisher={Nature Publishing Group}
}

@article{ge2017heritability,
  title={Heritability analysis with repeat measurements and its application to resting-state functional connectivity},
  author={Ge, Tian and Holmes, Avram J and Buckner, Randy L and Smoller, Jordan W and Sabuncu, Mert R},
  journal={Proceedings of the National Academy of Sciences},
  volume={114},
  number={21},
  pages={5521--5526},
  year={2017},
  publisher={National Acad Sciences}
}
@article{glahn2010genetic,
  title={Genetic control over the resting brain},
  author={Glahn, David C and Winkler, AM and Kochunov, P and Almasy, L and Duggirala, R and Carless, MA and Curran, JC and Olvera, Rene L and Laird, AR and Smith, SM and others},
  journal={Proceedings of the National Academy of Sciences},
  volume={107},
  number={3},
  pages={1223--1228},
  year={2010},
  publisher={National Acad Sciences}
}
@article{wang2015correspondence,
  title={Correspondence between resting-state activity and brain gene expression},
  author={Wang, Guang-Zhong and Belgard, T Grant and Mao, Deng and Chen, Leslie and Berto, Stefano and Preuss, Todd M and Lu, Hanzhang and Geschwind, Daniel H and Konopka, Genevieve},
  journal={Neuron},
  volume={88},
  number={4},
  pages={659--666},
  year={2015},
  publisher={Elsevier}
}

@article{barks2013default,
  title={The default mode network in chimpanzees (Pan troglodytes) is similar to that of humans},
  author={Barks, Sarah K and Parr, Lisa A and Rilling, James K},
  journal={Cerebral cortex},
  volume={25},
  number={2},
  pages={538--544},
  year={2013},
  publisher={Oxford University Press}
}
@article{mantini2011default,
  title={Default mode of brain function in monkeys},
  author={Mantini, Dante and Gerits, Annelis and Nelissen, Koen and Durand, Jean-Baptiste and Joly, Olivier and Simone, Luciano and Sawamura, Hiromasa and Wardak, Claire and Orban, Guy A and Buckner, Randy L and others},
  journal={Journal of Neuroscience},
  volume={31},
  number={36},
  pages={12954--12962},
  year={2011},
  publisher={Soc Neuroscience}
}
@article{miranda2014bridging,
  title={Bridging the gap between the human and macaque connectome: a quantitative comparison of global interspecies structure-function relationships and network topology},
  author={Miranda-Dominguez, Oscar and Mills, Brian D and Grayson, David and Woodall, Andrew and Grant, Kathleen A and Kroenke, Christopher D and Fair, Damien A},
  journal={Journal of Neuroscience},
  volume={34},
  number={16},
  pages={5552--5563},
  year={2014},
  publisher={Soc Neuroscience}
}
@article{buckner2007self,
  title={Self-projection and the brain},
  author={Buckner, Randy L and Carroll, Daniel C},
  journal={Trends in cognitive sciences},
  volume={11},
  number={2},
  pages={49--57},
  year={2007},
  publisher={Elsevier}
}

@article{tulving2005episodic,
  title={Episodic memory and autonoesis: Uniquely human},
  author={Tulving, Endel},
  journal={The missing link in cognition: Origins of self-reflective consciousness},
  pages={3--56},
  year={2005}
}

@article{tomasello2010ape,
  title={Ape and human cognition: What's the difference?},
  author={Tomasello, Michael and Herrmann, Esther},
  journal={Current Directions in Psychological Science},
  volume={19},
  number={1},
  pages={3--8},
  year={2010},
  publisher={Sage Publications Sage CA: Los Angeles, CA}
}

@article{pollard2006rna,
  title={An RNA gene expressed during cortical development evolved rapidly in humans},
  author={Pollard, Katherine S and Salama, Sofie R and Lambert, Nelle and Lambot, Marie-Alexandra and Coppens, Sandra and Pedersen, Jakob S and Katzman, Sol and King, Bryan and Onodera, Courtney and Siepel, Adam and others},
  journal={Nature},
  volume={443},
  number={7108},
  pages={167},
  year={2006},
  publisher={Nature Publishing Group}
}

@article{pollard2006forces,
  title={Forces shaping the fastest evolving regions in the human genome},
  author={Pollard, Katherine S and Salama, Sofie R and King, Bryan and Kern, Andrew D and Dreszer, Tim and Katzman, Sol and Siepel, Adam and Pedersen, Jakob S and Bejerano, Gill and Baertsch, Robert and others},
  journal={PLoS genetics},
  volume={2},
  number={10},
  pages={e168},
  year={2006},
  publisher={Public Library of Science}
}
@article{doan2016mutations,
  title={Mutations in human accelerated regions disrupt cognition and social behavior},
  author={Doan, Ryan N and Bae, Byoung-Il and Cubelos, Beatriz and Chang, Cindy and Hossain, Amer A and Al-Saad, Samira and Mukaddes, Nahit M and Oner, Ozgur and Al-Saffar, Muna and Balkhy, Soher and others},
  journal={Cell},
  volume={167},
  number={2},
  pages={341--354},
  year={2016},
  publisher={Elsevier}
}
@article{thomas2011organization,
  title={The organization of the human cerebral cortex estimated by intrinsic functional connectivity},
  author={Thomas Yeo, BT and Krienen, Fenna M and Sepulcre, Jorge and Sabuncu, Mert R and Lashkari, Danial and Hollinshead, Marisa and Roffman, Joshua L and Smoller, Jordan W and Z{\"o}llei, Lilla and Polimeni, Jonathan R and others},
  journal={Journal of neurophysiology},
  volume={106},
  number={3},
  pages={1125--1165},
  year={2011},
  publisher={American Physiological Society Bethesda, MD}
}
@article{lindblad2011high,
  title={A high-resolution map of human evolutionary constraint using 29 mammals},
  author={Lindblad-Toh, Kerstin and Garber, Manuel and Zuk, Or and Lin, Michael F and Parker, Brian J and Washietl, Stefan and Kheradpour, Pouya and Ernst, Jason and Jordan, Gregory and Mauceli, Evan and others},
  journal={Nature},
  volume={478},
  number={7370},
  pages={476},
  year={2011},
  publisher={Nature Publishing Group}
}
@article{sousa2017molecular,
  title={Molecular and cellular reorganization of neural circuits in the human lineage},
  author={Sousa, Andr{\'e} MM and Zhu, Ying and Raghanti, Mary Ann and Kitchen, Robert R and Onorati, Marco and Tebbenkamp, Andrew TN and Stutz, Bernardo and Meyer, Kyle A and Li, Mingfeng and Kawasawa, Yuka Imamura and others},
  journal={Science},
  volume={358},
  number={6366},
  pages={1027--1032},
  year={2017},
  publisher={American Association for the Advancement of Science}
}
@article{watanabe2017functional,
  title={Functional mapping and annotation of genetic associations with FUMA},
  author={Watanabe, Kyoko and Taskesen, Erdogan and Van Bochoven, Arjen and Posthuma, Danielle},
  journal={Nature communications},
  volume={8},
  number={1},
  pages={1826},
  year={2017},
  publisher={Nature Publishing Group}
}
@article{sudlow2015uk,
  title={UK biobank: an open access resource for identifying the causes of a wide range of complex diseases of middle and old age},
  author={Sudlow, Cathie and Gallacher, John and Allen, Naomi and Beral, Valerie and Burton, Paul and Danesh, John and Downey, Paul and Elliott, Paul and Green, Jane and Landray, Martin and others},
  journal={PLoS medicine},
  volume={12},
  number={3},
  pages={e1001779},
  year={2015},
  publisher={Public Library of Science}
}
@article{elliott2018genome,
  title={Genome-wide association studies of brain imaging phenotypes in UK Biobank},
  author={Elliott, Lloyd T and Sharp, Kevin and Alfaro-Almagro, Fidel and Shi, Sinan and Miller, Karla L and Douaud, Gwena{\"e}lle and Marchini, Jonathan and Smith, Stephen M},
  journal={Nature},
  volume={562},
  number={7726},
  pages={210},
  year={2018},
  publisher={Nature Publishing Group}
}
@article{buniello2018nhgri,
  title={The NHGRI-EBI GWAS Catalog of published genome-wide association studies, targeted arrays and summary statistics 2019},
  author={Buniello, Annalisa and MacArthur, Jacqueline A L and Cerezo, Maria and Harris, Laura W and Hayhurst, James and Malangone, Cinzia and McMahon, Aoife and Morales, Joannella and Mountjoy, Edward and Sollis, Elliot and others},
  journal={Nucleic acids research},
  volume={47},
  number={D1},
  pages={D1005--D1012},
  year={2018},
  publisher={Oxford University Press}
}
@article{de2015magma,
  title={MAGMA: generalized gene-set analysis of GWAS data},
  author={de Leeuw, Christiaan A and Mooij, Joris M and Heskes, Tom and Posthuma, Danielle},
  journal={PLoS computational biology},
  volume={11},
  number={4},
  pages={e1004219},
  year={2015},
  publisher={Public Library of Science}
}
@article{de2018conditional,
  title={Conditional and interaction gene-set analysis reveals novel functional pathways for blood pressure},
  author={de Leeuw, Christiaan A and Stringer, Sven and Dekkers, Ilona A and Heskes, Tom and Posthuma, Danielle},
  journal={Nature communications},
  volume={9},
  number={1},
  pages={3768},
  year={2018},
  publisher={Nature Publishing Group}
}
@article{finucane2015partitioning,
  title={Partitioning heritability by functional annotation using genome-wide association summary statistics},
  author={Finucane, Hilary K and Bulik-Sullivan, Brendan and Gusev, Alexander and Trynka, Gosia and Reshef, Yakir and Loh, Po-Ru and Anttila, Verneri and Xu, Han and Zang, Chongzhi and Farh, Kyle and others},
  journal={Nature genetics},
  volume={47},
  number={11},
  pages={1228},
  year={2015},
  publisher={Nature Publishing Group}
}

@article{crow1997schizophrenia,
  title={Is schizophrenia the price that Homo sapiens pays for language?},
  author={Crow, Timothy J},
  journal={Schizophrenia research},
  volume={28},
  number={2-3},
  pages={127--141},
  year={1997},
  publisher={Elsevier}
}
@article{ruderfer2018genomic,
  title={Genomic dissection of bipolar disorder and schizophrenia, including 28 subphenotypes},
  author={Ruderfer, Douglas M and Ripke, Stephan and McQuillin, Andrew and Boocock, James and Stahl, Eli A and Pavlides, Jennifer M Whitehead and Mullins, Niamh and Charney, Alexander W and Ori, Anil PS and Loohuis, Loes M Olde and others},
  journal={Cell},
  volume={173},
  number={7},
  pages={1705--1715},
  year={2018},
  publisher={Elsevier}
}
@article{li2016genes,
  title={Genes with de novo mutations are shared by four neuropsychiatric disorders discovered from NPdenovo database},
  author={Li, Jinchen and Cai, Tao and Jiang, Yi and Chen, Huiqian and He, Xin and Chen, Chao and Li, Xianfeng and Shao, Qianzhi and Ran, Xia and Li, Zhongshan and others},
  journal={Molecular psychiatry},
  volume={21},
  number={2},
  pages={290},
  year={2016},
  publisher={Nature Publishing Group}
}
@article{raichle2015brain,
  title={The brain's default mode network},
  author={Raichle, Marcus E},
  journal={Annual review of neuroscience},
  volume={38},
  pages={433--447},
  year={2015},
  publisher={Annual Reviews}
}
@article{Bakhshi2015TheNO,
  title={The neuropathology of schizophrenia: A selective review of past studies and emerging themes in brain structure and cytoarchitecture},
  author={Kshitiz Bakhshi and Steven A. Chance},
  journal={Neuroscience},
  year={2015},
  volume={303},
  pages={82-102}
}

@article{Landman2012ResolutionOC,
  title={Resolution of crossing fibers with constrained compressed sensing using diffusion tensor MRI},
  author={Bennett A. Landman and John A. Bogovic and Hanlin Wan and Fatma El Zahraa ElShahaby and Pierre-Louis Bazin and Jerry L. Prince},
  journal={NeuroImage},
  year={2012},
  volume={59},
  pages={2175-2186}
}

@article{DorphPetersen2009PyramidalNN,
  title={Pyramidal neuron number in layer 3 of primary auditory cortex of subjects with schizophrenia},
  author={Karl-Anton Dorph-Petersen and Kristen M. Delevich and Michael J. Marcsisin and Wei Zhang and Robert A. Sweet},
  journal={Brain Research},
  year={2009},
  volume={1285},
  pages={42-57}
}

@article{Selemon1995AbnormallyHN,
  title={Abnormally high neuronal density in the schizophrenic cortex. A morphometric analysis of prefrontal area 9 and occipital area 17.},
  author={Lynn D. Selemon and Grażyna Rajkowska and Patricia S. Goldman-Rakic},
  journal={Archives of general psychiatry},
  year={1995},
  volume={52 10},
  pages={
          805-18; discussion 819-20
        }
}

@article{Selemon1998ElevatedND,
  title={Elevated neuronal density in prefrontal area 46 in brains from schizophrenic patients: application of a three-dimensional, stereologic counting method.},
  author={Lynn D. Selemon and Grażyna Rajkowska and Patricia S. Goldman-Rakic},
  journal={The Journal of comparative neurology},
  year={1998},
  volume={392 3},
  pages={
          402-12
        }
}

@article{Yang2011IncreasedIW,
  title={Increased Interstitial White Matter Neuron Density in the Dorsolateral Prefrontal Cortex of People with Schizophrenia},
  author={Yang Yang and Samantha J. Fung and Alice Rothwell and Si Tianmei and Cynthia Shannon Weickert},
  journal={Biological Psychiatry},
  year={2011},
  volume={69},
  pages={63-70}
}

@article{Whitaker2016AdolescenceIA,
  title={Adolescence is associated with genomically patterned consolidation of the hubs of the human brain connectome.},
  author={Kirstie J. Whitaker and Petra E. V{\'e}rtes and Rafael Romero-Garcia and Frantisek V{\'a}sa and Michael Moutoussis and Gita Prabhu and Nikolaus Weiskopf and Martina F. Callaghan and Konrad Wagstyl and Timothy Rittman and Roger J. Tait and Cinly Ooi and John Suckling and Becky Inkster and Peter Fonagy and Raymond J. Dolan and Peter B. Jones and Ian M. Goodyer and Edward T. Bullmore},
  journal={Proceedings of the National Academy of Sciences of the United States of America},
  year={2016},
  volume={113 32},
  pages={
          9105-10
        }
}

@article{wolff1994magnetization,
  title={Magnetization transfer imaging: practical aspects and clinical applications.},
  author={Wolff, Steven D and Balaban, Robert S},
  journal={Radiology},
  volume={192},
  number={3},
  pages={593--599},
  year={1994}
}

@article{Chen2007VoxelbasedAO,
  title={Voxel-based analysis of the evolution of magnetization transfer ratio to quantify remyelination and demyelination with histopathological validation in a multiple sclerosis lesion},
  author={J. T. Chen and Tim Kuhlmann and Gerard H. Jansen and D. Louis Collins and Harold L Atkins and M. S. Freedman and Peter W. O'Connor and Douglas L. Arnold and Canadian Msbmt Study Group},
  journal={NeuroImage},
  year={2007},
  volume={36},
  pages={1152-1158}
}

@article{Chen2008MagnetizationTR,
  title={Magnetization transfer ratio evolution with demyelination and remyelination in multiple sclerosis lesions.},
  author={Jacqueline Tien-Hsiang Chen and D. Louis Collins and Harold L Atkins and M S Freedman and Douglas L. Arnold},
  journal={Annals of neurology},
  year={2008},
  volume={63 2},
  pages={
          254-62
        }
}
@article{Schmierer2004MagnetizationTR,
  title={Magnetization transfer ratio and myelin in postmortem multiple sclerosis brain.},
  author={Klaus Schmierer and Francesco Scaravilli and Daniel R. Altmann and Gareth J. Barker and David H. Miller},
  journal={Annals of neurology},
  year={2004},
  volume={56 3},
  pages={
          407-15
        }
}
@article{Foong2000InVI,
  title={In vivo investigation of white matter pathology in schizophrenia with magnetisation transfer imaging.},
  author={Jacqueline Foong and M. Frumentia Maier and Gareth J. Barker and Sarah Brocklehurst and David H. Miller and Maria A. Ron},
  journal={Journal of neurology, neurosurgery, and psychiatry},
  year={2000},
  volume={68 1},
  pages={
          70-4
        }
}
@article{Foong2001NeuropathologicalAI,
  title={Neuropathological abnormalities in schizophrenia: evidence from magnetization transfer imaging.},
  author={Jacqueline Foong and Mark R. Symms and Gareth J. Barker and M. Frumentia Maier and Friedrich G. Woermann and David H. Miller and Maria A. Ron},
  journal={Brain : a journal of neurology},
  year={2001},
  volume={124 Pt 5},
  pages={
          882-92
        }
}
@article{Kubicki2005DTIAM,
  title={DTI and MTR abnormalities in schizophrenia: Analysis of white matter integrity},
  author={Marek Kubicki and Hyun Wook Park and Carl-Fredrik Westin and Paul G. Nestor and Robert V. Mulkern and Stephan E. Maier and Margaret Niznikiewicz and Erin E. Connor and James J. Levitt and Michael Frumin and Ron Kikinis and Ferenc A. Jolesz and Robert W. McCarley and Martha Elizabeth Shenton},
  journal={NeuroImage},
  year={2005},
  volume={26},
  pages={1109-1118}
}
@article{Mandl2010TractbasedAO,
  title={Tract-based analysis of magnetization transfer ratio and diffusion tensor imaging of the frontal and frontotemporal connections in schizophrenia.},
  author={Ren{\'e} C. W. Mandl and Hugo G. Schnack and Judy Luigjes and Martijn P. van den Heuvel and Wiepke Cahn and Ren{\'e} S. Kahn and Hilleke E Hulshoff Pol},
  journal={Schizophrenia bulletin},
  year={2010},
  volume={36 4},
  pages={
          778-87
        }
}
@article{Glasser2014TrendsAP,
  title={Trends and properties of human cerebral cortex: Correlations with cortical myelin content},
  author={Matthew F. Glasser and Manu S. Goyal and Todd M. Preuss and Marcus E. Raichle and David C. Van Essen},
  journal={NeuroImage},
  year={2014},
  volume={93},
  pages={165-175}
}
@article{Andreasen1992TheCA,
  title={The Comprehensive Assessment of Symptoms and History (CASH). An instrument for assessing diagnosis and psychopathology.},
  author={Nancy C. Andreasen and Michael A. Flaum and Stephan Arndt},
  journal={Archives of general psychiatry},
  year={1992},
  volume={49 8},
  pages={
          615-23
        }
}
@article{Stefanis2002EvidenceTT,
  title={Evidence that three dimensions of psychosis have a distribution in the general population.},
  author={Nicholas C. Stefanis and Manon Hanssen and N K Smirnis and Dimitrios Avramopoulos and Ioannis Evdokimidis and Costas N. Stefanis and H Verdoux and Jim van Os},
  journal={Psychological medicine},
  year={2002},
  volume={32 2},
  pages={
          347-58
        }
}
@article{Kay1987ThePA,
  title={The positive and negative syndrome scale (PANSS) for schizophrenia.},
  author={Stanley R. Kay and Abraham Fiszbein and Lewis A. Opler},
  journal={Schizophrenia bulletin},
  year={1987},
  volume={13 2},
  pages={
          261-76
        }
}
@article{Kroken2009TreatmentOS,
  title={Treatment of schizophrenia with antipsychotics in Norwegian emergency wards, a cross-sectional national study},
  author={Rune Andreas Kroken and Erik {\O} Johnsen and T. Flemming Ruud and Tore Wentzel-Larsen and Hugo Arild J{\o}rgensen},
  journal={BMC Psychiatry},
  year={2009},
  volume={9},
  pages={24 - 24}
}
@article{american2013diagnostic,
  title={Diagnostic and statistical manual of mental disorders},
  author={American Psychiatric Association and others},
  journal={BMC Med},
  volume={17},
  pages={133--137},
  year={2013},
  publisher={Naklada Slap, Jastrebarsko, Croatia}
}
@article{Bagary2003GrayAW,
  title={Gray and white matter brain abnormalities in first-episode schizophrenia inferred from magnetization transfer imaging.},
  author={Manny S. Bagary and Mark R. Symms and Gareth J. Barker and Stan H Mutsatsa and Eileen Maria Joyce and Maria A. Ron},
  journal={Archives of general psychiatry},
  year={2003},
  volume={60 8},
  pages={
          779-88
        }
}
@inproceedings{Price2010BrainPI,
  title={Brain pathology in first-episode psychosis: Magnetization transfer imaging provides additional information to MRI measurements of volume loss},
  author={Gary Price and Mara Cercignani and Elvina May-Yin Chu and Thomas R. E. Barnes and Gareth J. Barker and Eileen Maria Joyce and Maria A. Ron},
  booktitle={NeuroImage},
  year={2010}
}
@article{Brand1985LearningAR,
  title={Learning and retrieval rate of words presented auditorily and visually.},
  author={Norman Brand and Jelle Jolles},
  journal={The Journal of general psychology},
  year={1985},
  volume={112 2},
  pages={
          201-10
        }
}
@article{Pierri2001DecreasedSS,
  title={Decreased somal size of deep layer 3 pyramidal neurons in the prefrontal cortex of subjects with schizophrenia.},
  author={Joseph N. Pierri and Christine L. E Volk and Sungyoung Auh and Allan R. Sampson and David A. Lewis},
  journal={Archives of general psychiatry},
  year={2001},
  volume={58 5},
  pages={
          466-73
        }
}
@article{Hof2003LossAA,
  title={Loss and altered spatial distribution of oligodendrocytes in the superior frontal gyrus in schizophrenia},
  author={Patrick R. Hof and Vahram Haroutunian and Victor L. Jr. Friedrich and William Byne and Kenneth L. Davis},
  journal={Biological Psychiatry},
  year={2003},
  volume={53},
  pages={1075-1085}
}
@article{Mimmack2002GeneEA,
  title={Gene expression analysis in schizophrenia: reproducible up-regulation of several members of the apolipoprotein L family located in a high-susceptibility locus for schizophrenia on chromosome 22.},
  author={Michael L. Mimmack and Margaret Ryan and Hajime Baba and Juani Navarro-Ruiz and Syuji Iritani and Richard L. M. Faull and P. J. McKenna and Peter B Jones and Heii Arai and Michael A. Starkey and Piers Christopher Emson and Sabine Bahn},
  journal={Proceedings of the National Academy of Sciences of the United States of America},
  year={2002},
  volume={99 7},
  pages={
          4680-5
        }
}
@article{Bullmore1997TheDN,
  title={The dysplastic net hypothesis: an integration of developmental and dysconnectivity theories of schizophrenia},
  author={Edward T. Bullmore and Sophia Frangou and Robin M. Murray},
  journal={Schizophrenia Research},
  year={1997},
  volume={28},
  pages={143-156}
}
@article{Catani2005TheRA,
  title={The rises and falls of disconnection syndromes.},
  author={Marco Catani and Dominic H. Ffytche},
  journal={Brain : a journal of neurology},
  year={2005},
  volume={128 Pt 10},
  pages={
          2224-39
        }
}
@article{Haren2011ChangesIC,
  title={Changes in cortical thickness during the course of illness in schizophrenia.},
  author={N E M Van Haren and Hugo G. Schnack and Wiepke Cahn and Martijn P. van den Heuvel and Claude Lepage and Louis W. Collins and Alan C. Evans and Hilleke E Hulshoff Pol and Ren{\'e} S. Kahn},
  journal={Archives of general psychiatry},
  year={2011},
  volume={68 9},
  pages={
          871-80
        }
}
@inproceedings{Bushberg2011TheEP,
  title={The Essential Physics of Medical Imaging},
  author={Jerrold T. Bushberg and J. Anthony Seibert and Edwin M. Leidholdt and John M. Boone and Edward J. Goldschmidt},
  year={2011}
}
@article{Goldman2009WidespreadRO,
  title={Widespread reductions of cortical thickness in schizophrenia and spectrum disorders and evidence of heritability.},
  author={Aaron L. Goldman and Lukas Pezawas and Venkata S. Mattay and Bruce Fischl and Beth A. Verchinski and Qiang Chen and Daniel R. Weinberger and Andreas Meyer-Lindenberg},
  journal={Archives of general psychiatry},
  year={2009},
  volume={66 5},
  pages={
          467-77
        }
}
@article{Jones2013WhiteMI,
  title={White matter integrity, fiber count, and other fallacies: The do's and don'ts of diffusion MRI},
  author={Derek K. Jones and Thomas R. Kn{\"o}sche and Robert Turner},
  journal={NeuroImage},
  year={2013},
  volume={73},
  pages={239-254}
}
@inproceedings{Cassoli2015DisturbedMI,
  title={Disturbed macro-connectivity in schizophrenia linked to oligodendrocyte dysfunction: from structural findings to molecules},
  author={Juliana Silva Cassoli and Paul C. Guest and Bjoern Malchow and Andrea L. Schmitt and Peter Falkai and Daniel Martins-de-Souza},
  booktitle={npj Schizophrenia},
  year={2015}
}
@article{Fields2008WhiteMI,
  title={White matter in learning, cognition and psychiatric disorders},
  author={R. Douglas Fields},
  journal={Trends in Neurosciences},
  year={2008},
  volume={31},
  pages={361-370}
}
@article{Heuvel2015BridgingCA,
  title={Bridging Cytoarchitectonics and Connectomics in Human Cerebral Cortex.},
  author={Martijn P. van den Heuvel and Lianne H. Scholtens and Lisa Feldman Barrett and Claus C. Hilgetag and Marcel A. de Reus},
  journal={The Journal of neuroscience : the official journal of the Society for Neuroscience},
  year={2015},
  volume={35 41},
  pages={
          13943-8
        }
}
@article{Pongrac2002GeneEP,
  title={Gene Expression Profiling with DNA Microarrays: Advancing Our Understanding of Psychiatric Disorders},
  author={Julie L. Pongrac and Frank A. Middleton and David A. Lewis and Pat Levitt and K{\'a}roly Mirnics},
  journal={Neurochemical Research},
  year={2002},
  volume={27},
  pages={1049-1063}
}
@inproceedings{WAIS,
  title={Manual to the Dutch Version of the Wechsler Adult Intelligence Scale (W.A.I.S.)},
  author={J. Stinissen and P.J. Willems and P. Coetsier and W.L.L. Hulsman, 1970. },
  booktitle={Swets \& Zeitlinger, Amsterdam, Lisse.},
  year={1970}
}
@article{Shafee2015GrayMM,
  title={Gray matter myelination of 1555 human brains using partial volume corrected MRI images},
  author={Rebecca Shafee and Randy L. Buckner and Bruce Fischl},
  journal={NeuroImage},
  year={2015},
  volume={105},
  pages={473-485}
}
@article{Palaniyappan2013CombinedWM,
  title={Combined White Matter Imaging Suggests Myelination Defects in Visual Processing Regions in Schizophrenia},
  author={L Palaniyappan and Ali Al-Radaideh and Olivier E. Mougin and Penny A. Gowland and Peter F. Liddle},
  journal={Neuropsychopharmacology},
  year={2013},
  volume={38},
  pages={1808-1815}
}
@article{schmierer2007quantitative,
  title={Quantitative magnetization transfer imaging in postmortem multiple sclerosis brain},
  author={Schmierer, Klaus and Tozer, Daniel J and Scaravilli, Francesco and Altmann, Daniel R and Barker, Gareth J and Tofts, Paul S and Miller, David H},
  journal={Journal of Magnetic Resonance Imaging: An Official Journal of the International Society for Magnetic Resonance in Medicine},
  volume={26},
  number={1},
  pages={41--51},
  year={2007},
  publisher={Wiley Online Library}
}
@article{Dousset1992ExperimentalAE,
  title={Experimental allergic encephalomyelitis and multiple sclerosis: lesion characterization with magnetization transfer imaging.},
  author={Vincent Dousset and Robert I. Grossman and Karen Ramer and Mitchell D. Schnall and Lawrence Lee Hock Young and Francisco Gonz{\'a}lez-Scarano and E. Weiss Lavi and Jeffrey A. Cohen},
  journal={Radiology},
  year={1992},
  volume={182 2},
  pages={
          483-91
        }
}

@article{Derakhshan2014SurfacebasedAR,
  title={Surface-based analysis reveals regions of reduced cortical magnetization transfer ratio in patients with multiple sclerosis: a proposed method for imaging subpial demyelination.},
  author={Mishkin Derakhshan and Zografos Caramanos and Sridar Narayanan and Douglas L. Arnold and D. Louis Collins},
  journal={Human brain mapping},
  year={2014},
  volume={35 7},
  pages={
          3402-13
        }
}
@article{Chana2003TwodimensionalAO,
  title={Two-dimensional assessment of cytoarchitecture in the anterior cingulate cortex in major depressive disorder, bipolar disorder, and schizophrenia: evidence for decreased neuronal somal size and increased neuronal density},
  author={Gursharan Chana and Sabine Landau and Clare L. Beasley and Ian Everall and David D. Cotter},
  journal={Biological Psychiatry},
  year={2003},
  volume={53},
  pages={1086-1098}
}

@article{Rajkowska1998NeuronalAG,
  title={Neuronal and glial somal size in the prefrontal cortex: a postmortem morphometric study of schizophrenia and Huntington disease.},
  author={Grażyna Rajkowska and Lynn D. Selemon and Patricia S. Goldman-Rakic},
  journal={Archives of general psychiatry},
  year={1998},
  volume={55 3},
  pages={
          215-24
        }
}

@article{Glausier2013DendriticSP,
  title={Dendritic spine pathology in schizophrenia},
  author={Jill R. Glausier and David A. Lewis},
  journal={Neuroscience},
  year={2013},
  volume={251},
  pages={90-107}
}

@article{Penzes2011DendriticSP,
  title={Dendritic spine pathology in neuropsychiatric disorders},
  author={Peter Penzes and Michael E Cahill and Kelly A Jones and J Vanleeuwen and Kevin M. Woolfrey},
  journal={Nature Neuroscience},
  year={2011},
  volume={14},
  pages={285-293}
}

@article{Uranova2004OligodendroglialDI,
  title={Oligodendroglial density in the prefrontal cortex in schizophrenia and mood disorders: a study from the Stanley Neuropathology Consortium},
  author={Natalya A Uranova and Victor M. Vostrikov and Diana D. Orlovskaya and Valentina I. Rachmanova},
  journal={Schizophrenia Research},
  year={2004},
  volume={67},
  pages={269-275}
}

@inproceedings{Uranova2011UltrastructuralAO,
  title={Ultrastructural Alterations of Myelinated Fibers and Oligodendrocytes in the Prefrontal Cortex in Schizophrenia: A Postmortem Morphometric Study},
  author={Natalya A Uranova and Olga V. Vikhreva and Valentina I. Rachmanova and Diana D. Orlovskaya},
  booktitle={Schizophrenia research and treatment},
  year={2011}
}

@inproceedings{Vostrikov2013ReducedOD,
  title={Reduced oligodendroglial density in the inferior parietal lobule and lack of insight in schizophrenia},
  author={Victor M. Vostrikov and Natalya S. Kolomeets and Natalya A Uranova},
  year={2013}
}

@article{Fornito2009AnatomicalAO,
  title={Anatomical abnormalities of the anterior cingulate cortex in schizophrenia: bridging the gap between neuroimaging and neuropathology.},
  author={Alex Fornito and Murat Y{\"u}cel and Brian Dean and Stephen J. Wood and Christos Pantelis},
  journal={Schizophrenia bulletin},
  year={2009},
  volume={35 5},
  pages={
          973-93
        }
}
@article{Fornito2009ReconcilingNA,
  title={Reconciling neuroimaging and neuropathological findings in schizophrenia and bipolar disorder.},
  author={Alex Fornito and Murat Y{\"u}cel and Christos Pantelis},
  journal={Current opinion in psychiatry},
  year={2009},
  volume={22 3},
  pages={
          312-9
        }
}

@inproceedings{Cassoli2015DisturbedMI,
  title={Disturbed macro-connectivity in schizophrenia linked to oligodendrocyte dysfunction: from structural findings to molecules},
  author={Juliana Silva Cassoli and Paul C. Guest and Bjoern Malchow and Andrea L. Schmitt and Peter Falkai and Daniel Martins-de-Souza},
  booktitle={npj Schizophrenia},
  year={2015}
}

@article{Uranova2001ElectronMO,
  title={Electron microscopy of oligodendroglia in severe mental illness},
  author={Natalya A Uranova and Diana D. Orlovskaya and Olga V. Vikhreva and Ivetta S Zimina and Valentina I. Rachmanova},
  journal={Brain Research Bulletin},
  year={2001},
  volume={55},
  pages={597-610}
}

@article{Garey1998ReducedDS,
  title={Reduced dendritic spine density on cerebral cortical pyramidal neurons in schizophrenia.},
  author={Laurence John Garey and Wei-Yi Ong and Tejesh S. Patel and Mazzy Kanani and Angharad Grace Davis and Ann Margaret Mortimer and Thomas Re Barnes and Steven Richard Hirsch},
  journal={Journal of neurology, neurosurgery, and psychiatry},
  year={1998},
  volume={65 4},
  pages={
          446-53
        }
}

@article{Glantz2000DecreasedDS,
  title={Decreased dendritic spine density on prefrontal cortical pyramidal neurons in schizophrenia.},
  author={Leisa A. Glantz and David A. Lewis},
  journal={Archives of general psychiatry},
  year={2000},
  volume={57 1},
  pages={
          65-73
        }
}

@article{Stephan2009DysconnectionIS,
  title={Dysconnection in Schizophrenia: From Abnormal Synaptic Plasticity to Failures of Self-monitoring},
  author={Klaas Enno Stephan and Karl J. Friston and Christopher D. Frith},
  journal={Schizophrenia Bulletin},
  year={2009},
  volume={35},
  pages={509 - 527}
}

@article{EllisonWright2009MetaanalysisOD,
  title={Meta-analysis of diffusion tensor imaging studies in schizophrenia},
  author={Ian Ellison-Wright and Edward T. Bullmore},
  journal={Schizophrenia Research},
  year={2009},
  volume={108},
  pages={3-10}
}

@article{Fitzsimmons2013ReviewOF,
  title={Review of functional and anatomical brain connectivity findings in schizophrenia.},
  author={Jennifer Fitzsimmons and Marek Kubicki and Martha Elizabeth Shenton},
  journal={Current opinion in psychiatry},
  year={2013},
  volume={26 2},
  pages={
          172-87
        }
}

@article{Zalesky2011DisruptedAF,
  title={Disrupted Axonal Fiber Connectivity in Schizophrenia},
  author={Andrew Zalesky and Alex Fornito and Marc L. Seal and Luca Cocchi and Christos Pantelis},
  journal={Biological Psychiatry},
  year={2011},
  volume={69},
  pages={80-89}
}

@article{Romme2017ConnectomeDA,
  title={Connectome Disconnectivity and Cortical Gene Expression in Patients With Schizophrenia},
  author={Ingrid A.C. Romme and Marcel A. de Reus and Roel A. Ophoff and Ren{\'e} S. Kahn and Martijn P. van den Heuvel},
  journal={Biological Psychiatry},
  year={2017},
  volume={81},
  pages={495-502}
}

@article{Maslov2002SpecificityAS,
  title={Specificity and stability in topology of protein networks.},
  author={Sergei Maslov and Kim Sneppen},
  journal={Science},
  year={2002},
  volume={296 5569},
  pages={
          910-3
        }
}

@inproceedings{Fornito2010NetworkSE,
  title={Network Scaling Effects in Graph Analytic Studies of Human Resting-State fMRI Data},
  author={Alex Fornito and Andrew Zalesky and Edward T. Bullmore},
  booktitle={Front. Syst. Neurosci.},
  year={2010}
}

@inproceedings{Murphy2017TowardsAC,
  title={Towards a consensus regarding global signal regression for resting state functional connectivity MRI},
  author={Kevin Murphy and Michael D. Fox},
  booktitle={NeuroImage},
  year={2017}
}

@article{Beaulieu2002TheBO,
  title={The basis of anisotropic water diffusion in the nervous system - a technical review.},
  author={Christian Beaulieu},
  journal={NMR in biomedicine},
  year={2002},
  volume={15 7-8},
  pages={
          435-55
        }
}

@article{Leucht2016DoseEF,
  title={Dose Equivalents for Antipsychotic Drugs: The DDD Method.},
  author={Stefan Leucht and Myrto T. Samara and Stephan Heres and John M Davis},
  journal={Schizophrenia bulletin},
  year={2016},
  volume={42 Suppl 1},
  pages={
          S90-4
        }
}

@inproceedings{Gillies2016RadiomicsIA,
  title={Radiomics: Images Are More than Pictures, They Are Data},
  author={Robert J. Gillies and Paul E. Kinahan and Hedvig Hricak},
  booktitle={Radiology},
  year={2016}
}

@article{Aerts2016ThePO,
  title={The Potential of Radiomic-Based Phenotyping in Precision Medicine: A Review.},
  author={Hugo Jwl Aerts},
  journal={JAMA oncology},
  year={2016},
  volume={2 12},
  pages={
          1636-1642
        }
}

@article{Wolfers2018MappingTH,
  title={Mapping the Heterogeneous Phenotype of Schizophrenia and Bipolar Disorder Using Normative Models.},
  author={Thomas Wolfers and Nhat Trung Doan and Tobias Kaufmann and Dag Aln{\ae}s and Torgeir Moberget and Ingrid Agartz and Jan K. Buitelaar and Torill Ueland and Ingrid Melle and Barbara Franke and Ole Andreas Andreassen and Christian F. Beckmann and Lars T. Westlye and Andre Marquand},
  journal={JAMA psychiatry},
  year={2018},
  volume={75 11},
  pages={
          1146-1155
        }
}

@article{Collin2018FunctionalCO,
  title={Functional connectome organization predicts conversion to psychosis in clinical high-risk youth from the SHARP program},
  author={Guusje Collin and Larry J. Seidman and Matcheri S. Keshavan and William S. Stone and Zhenghan Qi and Tianhong Zhang and Yingying Tang and Huijun Li and Sheeba Arnold Anteraper and Margaret Niznikiewicz and Robert W. McCarley and Martha Elizabeth Shenton and Jijun Wang and Susan L. Whitfield-Gabrieli},
  journal={Molecular Psychiatry},
  year={2018},
  pages={1-10}
}

@article{Jbabdi2011TractographyWD,
  title={Tractography: Where Do We Go from Here?},
  author={Sa{\^a}d Jbabdi and Heidi Johansen-Berg},
  journal={Brain connectivity},
  year={2011},
  volume={1 3},
  pages={
          169-83
        }
}

@article{Fornito2015ConnectomicsAN,
  title={Connectomics: A new paradigm for understanding brain disease},
  author={Alex Fornito and Edward T. Bullmore},
  journal={European Neuropsychopharmacology},
  year={2015},
  volume={25},
  pages={733-748}
}

@article{Heuvel2014BrainNI,
  title={Brain Networks in Schizophrenia},
  author={Martijn P. van den Heuvel and Alex Fornito},
  journal={Neuropsychology Review},
  year={2014},
  volume={24},
  pages={32-48}
}

@article{Griffa2013StructuralCI,
  title={Structural connectomics in brain diseases},
  author={Alessandra Griffa and Philipp S. Baumann and Jean-Philippe Thiran and Patric Hagmann},
  journal={NeuroImage},
  year={2013},
  volume={80},
  pages={515-526}
}

@article{Fornito2012SchizophreniaNA,
  title={Schizophrenia, neuroimaging and connectomics},
  author={Alex Fornito and Andrew Zalesky and Christos Pantelis and Edward T. Bullmore},
  journal={NeuroImage},
  year={2012},
  volume={62},
  pages={2296-2314}
}

@inproceedings{Bertolero2017TheDC,
  title={The diverse club},
  author={Maxwell A. Bertolero and B. T. Thomas Yeo and Maria Rosaria D’Esposito},
  booktitle={Nature Communications},
  year={2017}
}

@article{Betzel2017MultiscaleBN,
  title={Multi-scale brain networks},
  author={Richard F. Betzel and Danielle S. Bassett},
  journal={NeuroImage},
  year={2017},
  volume={160},
  pages={73-83}
}

@article{Sporns2007IdentificationAC,
  title={Identification and Classification of Hubs in Brain Networks},
  author={Olaf Sporns and Christopher J. Honey and Rolf K{\"o}tter},
  journal={PLoS ONE},
  year={2007},
  volume={2},
  pages={1 - 47}
}
@article{Behrens2007ProbabilisticDT,
  title={Probabilistic diffusion tractography with multiple fibre orientations: What can we gain?},
  author={Timothy Edward John Behrens and Heidi Johansen-Berg and Sa{\^a}d Jbabdi and Matthew F. S. Rushworth and Mark W. Woolrich},
  journal={NeuroImage},
  year={2007},
  volume={34},
  pages={144-155}
}

@article{Yan2013ACA,
  title={A comprehensive assessment of regional variation in the impact of head micromovements on functional connectomics},
  author={Chaogan Yan and Brian Cheung and Clare Kelly and Stanley J. Colcombe and R. Cameron Craddock and Adriana Di Martino and Qingyang Li and Xi-Nian Zuo and Francisco X Castellanos and Michael P. Milham},
  journal={NeuroImage},
  year={2013},
  volume={76},
  pages={183-201}
}

@article{Tournier2007RobustDO,
  title={Robust determination of the fibre orientation distribution in diffusion MRI: Non-negativity constrained super-resolved spherical deconvolution},
  author={Jacques-Donald Tournier and Fernando Calamante and Alan Connelly},
  journal={NeuroImage},
  year={2007},
  volume={35},
  pages={1459-1472}
}

@article{Tournier2004DirectEO,
  title={Direct estimation of the fiber orientation density function from diffusion-weighted MRI data using spherical deconvolution},
  author={J-D. Tournier and Fernando Calamante and David G. Gadian and Alan Connelly},
  journal={NeuroImage},
  year={2004},
  volume={23},
  pages={1176-1185}
}

@article{Marn2016DevelopmentalTA,
  title={Developmental timing and critical windows for the treatment of psychiatric disorders},
  author={Oscar Mar{\'i}n},
  journal={Nature Medicine},
  year={2016},
  volume={22},
  pages={1229-1238}
}

@article{Silbereis2016TheCA,
  title={The Cellular and Molecular Landscapes of the Developing Human Central Nervous System},
  author={John Christian Silbereis and Sirisha Pochareddy and Ying Jie Zhu and Mingfeng Li and Nenad Sestan},
  journal={Neuron},
  year={2016},
  volume={89},
  pages={248-268}
}

@inproceedings{Abbas2013DIAGNOSTICAS,
  title={DIAGNOSTIC AND STATISTICAL MANUAL OF MENTAL DISORDERS, FIFTH EDITION},
  author={Attari Abbas and Aminoroaia Mahin},
  year={2013}
}

@article{Subramaniam2017WhiteMM,
  title={White matter microstructure predicts cognitive training-induced improvements in attention and executive functioning in schizophrenia},
  author={Karuna Subramaniam and Jeevit Gill and Melissa Fisher and Pratik Mukherjee and Sophia Vinogradov},
  journal={Schizophrenia Research},
  year={2017},
  volume={193},
  pages={276-283}
}

@article{Greicius2008PersistentDN,
  title={Persistent default-mode network connectivity during light sedation.},
  author={Michael D. Greicius and Vesa Kiviniemi and Osmo Tervonen and Vilho Vainionp{\"a}{\"a} and Seppo Alahuhta and Allan L. Reiss and Vinod Menon},
  journal={Human brain mapping},
  year={2008},
  volume={29 7},
  pages={
          839-47
        }
}

@article{vanDenHeuvel2009FunctionallyLR,
  title={Functionally linked resting-state networks reflect the underlying structural connectivity architecture of the human brain.},
  author={Martijn P. van den Heuvel and Ren{\'e} C. W. Mandl and Ren{\'e} S. Kahn and Hilleke E. Hulshoff Pol},
  journal={Human brain mapping},
  year={2009},
  volume={30 10},
  pages={
          3127-41
        }
}

@article{Xiao2018WhiteMA,
  title={White Matter Abnormalities in Never-Treated Patients With Long-Term Schizophrenia.},
  author={Yuan Xiao and Huaiqiang Sun and Shulin Shi and Dan Jiang and Bo Tao and Youjin Zhao and Wenjing Zhang and Qiyong Gong and John A. Sweeney and Su Lui},
  journal={The American journal of psychiatry},
  year={2018},
  pages={
          appiajp201817121402
        }
}

@article{Xi2016TheSC,
  title={The structural connectivity pathology of first-episode schizophrenia based on the cardinal symptom of auditory verbal hallucinations},
  author={Yi-Bin Xi and Fan Guo and Hua Cheng Li and Xiao Chang and Hong Ren Yin},
  journal={Psychiatry Research: Neuroimaging},
  year={2016},
  volume={257},
  pages={25-30}
}

@article{Asmal2017InsightAW,
  title={Insight and white matter fractional anisotropy in first-episode schizophrenia},
  author={Laila Asmal and S. du Plessis and Matthijs Vink and Jean-Paul Fouche and Robin Emsley},
  journal={Schizophrenia Research},
  year={2017},
  volume={183},
  pages={88-94}
}

@article{Caprihan2015ThePR,
  title={The Paradoxical Relationship between White Matter, Psychopathology and Cognition in Schizophrenia: A Diffusion Tensor and Proton Spectroscopic Imaging Study},
  author={Arvind Caprihan and Thomas Ross Jones and Hongji Chen and Nicholas Lemke and Christopher Abbott and C. Qualls and Jos{\'e} M. Ca{\~n}ive and Charles Gasparovic and Juan R. Bustillo},
  journal={Neuropsychopharmacology},
  year={2015},
  volume={40},
  pages={2248-2257}
}

@inproceedings{Weiss2015ImprovedNA,
  title={Improved nTMS- and DTI-derived CST tractography through anatomical ROI seeding on anterior pontine level compared to internal capsule},
  author={Carolin Weiss and Irada Tursunova and Volker Neuschmelting and H Lockau and Charlotte Nettekoven and Ana-Maria Oros-Peusquens and G Stoffels and Anne K. Rehme and Andrea Maria Faymonville and Nadim Joni Shah and Karl-Josef Langen and Roland Goldbrunner and Christian Grefkes},
  booktitle={NeuroImage: Clinical},
  year={2015}
}

@inproceedings{Kelly2017WidespreadWM,
  title={Widespread white matter microstructural differences in schizophrenia across 4322 individuals: results from the ENIGMA Schizophrenia DTI Working Group},
  author={Stephen Kelly and Neda Jahanshad and Andrew Zalesky and Peter Kochunov and Ingrid Agartz and Clara Alloza and Ole Andreas Andreassen and Celso Arango and Nerisa Banaj and Sylvain Bouix and Chad A Bousman and Rachel M. Brouwer and Jason M. Bruggemann and Juan R. Bustillo and Wiepke Cahn and Vince D. Calhoun and Dara M. Cannon and Vaughan J. Carr and Stanley Catts and Jian Chen and J Chen and Xiaoxiang Chen and Chiara Chiapponi and Kl K Cho and Valentina Ciullo and A S Corvin and Benedicto Crespo-Facorro and Vanessa L. Cropley and Pietro De Rossi and Covadonga M D{\'i}az-Caneja and Erin W. Dickie and Stefan Ehrlich and F-m Fan and Joshua Faskowitz and Helena Fatouros-Bergman and Lena Flyckt and Judith M. Ford and J-P Fouche and Masaki Fukunaga and Michael Gill and David C. Glahn and Randy L. Gollub and E D Goudzwaard and Hua Guo and R Aquel E. Gur and Raquel E. Gur and Tiril P Gurholt and Ryota Hashimoto and Sean N. Hatton and Frans A. Henskens and Derrek P. Hibar and Ian B. Hickie and L. Elliot Hong and Jakub Hor{\'a}{\vc}ek and Fleur M Howells and Hilleke E. Hulshoff Pol and Craig L. Hyde and Dmitry Isaev and Assen V. Jablensky and P. Roland Jansen and Joost Janssen and Erik G. J{\"o}nsson and Lee Ann Jung and Ren{\'e} S. Kahn and Zora Kikinis and Kun Liu and Paul Klauser and Christian Kn{\"o}chel and Marek Kubicki and Jim Lagopoulos and Carolyn D. Langen and Stephen M Lawrie and Rhoshel K. Lenroot and Kelvin O. Lim and Carlos L{\'o}pez-Jaramillo and Amanda E. Lyall and Vincent A. Magnotta and Ren{\'e} C. W. Mandl and Daniel H. Mathalon and Robert W. McCarley and Simon McCarthy-Jones and Colm McDonald and Sarah C. McEwen and Andrew M. McIntosh and Tom{\'a}{\vs} Melicher and Raquelle I. Mesholam-Gately and Patricia T. Michie and Bryan J. Mowry and Bryon A. Mueller and Dominick T. Newell and Patricio O'Donnell and Viola Oertel-Kn{\"o}chel and Let{\'i}cia Oestreich and S A Paciga and Christos Pantelis and Ofer Pasternak and Godfrey D. Pearlson and Gaia Romana Pellicano and Avril M. Pereira and J Pineda Zapata and Fabrizio Piras and Steven G. Potkin and Adrian Preda and Paul E. Rasser and David R. Roalf and R Roiz and Annerine Robertson Frances Roos and David Rotenberg and Theodore D. Satterthwaite and Peter Savadjiev and Ulrich Schall and Rodney J. Scott and Marc L. Seal and Larry J. Seidman and C Shannon Weickert and Christopher D. Whelan and Martha Elizabeth Shenton and Jun Soo Kwon and Gianfranco Spalletta and Filip Spaniel and Emma Sprooten and Michael St{\"a}blein and Dan J. Stein and Suresh Sundram and Yunlong Tan and Shuping Tan and Shaohua Tang and Henk S. Temmingh and Lars T. Westlye and Siren T{\o}nnesen and Diana Tordesillas-Gutierrez and Nhat Trung Doan and Js Vaidya and N E M Van Haren and C. D. Vargas and Daniela Vecchio and Dennis Velakoulis and Aristotle N. Voineskos and James Voyvodic and Zhengang Wang and Ping Wan and Dong Wei and Thomas W Weickert and Heather C Whalley and Tonya White and Thomas J. Whitford and Joanne Doller Wojcik and Huifang Xiang and Zixing Xie and Hidenaga Yamamori and Fangchun Yang and Ning Yao and Guohao Zhang and Jay Zhao and Theodorus Van Erp and Jessica A. Turner and Paul M. Thompson and Gary Donohoe},
  booktitle={Molecular Psychiatry},
  year={2017}
}

@article{Fox2002MappingCA,
  title={Mapping context and content: the BrainMap model},
  author={Peter T. Fox and Jack L. Lancaster},
  journal={Nature Reviews Neuroscience},
  year={2002},
  volume={3},
  pages={319-321}
}

@article{Eickhoff2009CoordinatebasedAL,
  title={Coordinate-based activation likelihood estimation meta-analysis of neuroimaging data: a random-effects approach based on empirical estimates of spatial uncertainty.},
  author={Simon B. Eickhoff and Angela R. Laird and Christian Grefkes and Ling E. Wang and Karl Zilles and Peter T. Fox},
  journal={Human brain mapping},
  year={2009},
  volume={30 9},
  pages={
          2907-26
        }
}

@article{Li2013MappingPH,
  title={Mapping putative hubs in human, chimpanzee and rhesus macaque connectomes via diffusion tractography},
  author={Longchuan Li and Xiaoping Hu and Todd M. Preuss and Matthew F. Glasser and Frederick W. Damen and Yuxuan Qiu and James K. Rilling},
  journal={NeuroImage},
  year={2013},
  volume={80},
  pages={462-474}
}

@article{Savage2018GenomewideAM,
  title={Genome-wide association meta-analysis in 269,867 individuals identifies new genetic and functional links to intelligence},
  author={Jeanne E Savage and Philip R Jansen and Sven Stringer and Kyoko Watanabe and Julien Bryois and Christiaan A de Leeuw and Mats Nagel and Swapnil Awasthi and Peter B Barr and Jonathan R. I. Coleman and Katrina L Grasby and Anke R Hammerschlag and Jakob A Kaminski and Robert Karlsson and Eva Krapohl and Max Lam and Marianne Nygaard and Chandra A Reynolds and Joey W. Trampush and Hannah Young and Delilah Zabaneh and Sara H{\"a}gg and Narelle K. Hansell and Ida K. Karlsson and Sten Linnarsson and Grant W. Montgomery and Ana B. Mu{\~n}oz-Manchado and Erin Burke Quinlan and Gunter Schumann and Nathan G Skene and Bradley Todd Webb and Tonya White and Dan E Arking and Dimitrios Avramopoulos and Robert M. Bilder and Panos Bitsios and Katherine E Burdick and Tyrone D. Cannon and Ornit Chiba-Falek and Andrea Nikie Christoforou and Elizabeth T. Cirulli and Eliza Congdon and Aiden Corvin and Gail E. Davies and Ian J Deary and Pamela DeRosse and Dwight Dickinson and Srdjan Djurovic and Gary Donohoe and Emily Drabant Conley and Johan G Eriksson and Thomas Espeseth and Nelson B. Freimer and Stella G. Giakoumaki and Ina Giegling and Michael Gill and David C. Glahn and Ahmad R. Hariri and Alex Hatzimanolis and Matthew C. Keller and Emma E M Knowles and Deborah Koltai and Bettina Konte and Jari Lahti and Stephanie Le Hellard and Todd Lencz and David C M Liewald and Edythe D. London and Astri J. Lundervold and Anil K. Malhotra and Ingrid Melle and Derek W. Morris and Anna C. Need and William Ollier and Aarno Palotie and Antony Payton and Neil Pendleton and Russell A. Poldrack and Katri R{\"a}ikk{\"o}nen and Ivar Reinvang and Panos Roussos and Dan Rujescu and Fred W. Sabb and Matthew A. Scult and Olav B. Smeland and Nikolaos Smyrnis and John M Starr and Vidar M. Steen and Nikos C. Stefanis and Richard E Straub and Kjetil Sundet and Henning Tiemeier and Aristotle Voineskos and Daniel R. Weinberger and Elisabeth E Wid{\'e}n and Jin Yu and Gonçalo R. Abecasis and Ole Andreas Andreassen and Gerome Breen and Lene Christiansen and Birgit Debrabant and Danielle M Dick and Andreas Heinz and Jens Hjerling-Leffler and M Arfan Ikram and Kenneth S. Kendler and Nicholas G. Martin and Sarah E. Medland and Nancy L Pedersen and Robert Plomin and Tinca J C Polderman and Stephan Ripke and Sophie van der Sluis and Patrick F. Sullivan and Scott Vrieze and Margaret J. Wright and Danielle Posthuma},
  journal={Nature Genetics},
  year={2018},
  volume={50},
  pages={912-919}
}

@article{Fox2005BrainMapTO,
  title={BrainMap taxonomy of experimental design: description and evaluation.},
  author={Peter T. Fox and Angela R. Laird and Sarabeth P Fox and Peter M. Fox and Angela M Uecker and Michelle Crank and Sandra K{\"o}nig and Jack L. Lancaster},
  journal={Human brain mapping},
  year={2005},
  volume={25 1},
  pages={
          185-98
        }
}

@article{Mechelli2000DifferentialEO,
  title={Differential effects of word length and visual contrast in the fusiform and lingual gyri during},
  author={Andrea Mechelli and Glyn W. Humphreys and Kate Mayall and A Olson and Cathy J. Price},
  journal={Proceedings of the Royal Society of London. Series B: Biological Sciences},
  year={2000},
  volume={267},
  pages={1909 - 1913}
}

@article{Reiner1990TheTB,
  title={The Triune Brain in Evolution. Role in Paleocerebral Functions. Paul D. MacLean. Plenum, New York, 1990. xxiv, 672 pp., illus. \$75.},
  author={Annie Reiner},
  journal={Science},
  year={1990},
  volume={250 4978},
  pages={
          303-5
        }
}

@article{Turkeltaub2012MinimizingWA,
  title={Minimizing within-experiment and within-group effects in Activation Likelihood Estimation meta-analyses.},
  author={Peter E. Turkeltaub and Simon B. Eickhoff and Angela R. Laird and M. Fox and Martin Wiener and Peter J. Fox},
  journal={Human brain mapping},
  year={2012},
  volume={33 1},
  pages={
          1-13
        }
}

@article{Vanasse2018BrainMapVA,
  title={BrainMap VBM: An environment for structural meta‐analysis},
  author={Thomas J Vanasse and Peter M. Fox and Daniel S. Barron and Michaela Robertson and Simon B. Eickhoff and Jack L. Lancaster and Peter T. Fox},
  journal={Human Brain Mapping},
  year={2018},
  volume={39},
  pages={3308–3325}
}

@inproceedings{MacArthur2017TheNN,
  title={The new NHGRI-EBI Catalog of published genome-wide association studies (GWAS Catalog)},
  author={Jacqueline A. L. MacArthur and Emily Bowler and Maria Cerezo and Laurent Gil and Peggy Hall and Emma Hastings and Heather Junkins and Aoife McMahon and Annalisa Milano and Joannella Morales and Zoe May Pendlington and Danielle Welter and Tony Burdett and Lucia Hindorff and Paul Flicek and Fiona Cunningham and Helen E. Parkinson},
  booktitle={Nucleic Acids Research},
  year={2017}
}

@inproceedings{Consortium2015IntegrativeAO,
  title={Integrative analysis of 111 reference human epigenomes},
  author={Roadmap Epigenomics Consortium and Anshul Kundaje and Wouter Meuleman and Jason Ernst and Misha Bilenky and Angela Yen and Alireza Heravi Moussavi and Pouya Kheradpour and Zhizhuo Zhang and Jianrong Wang and Michael J. Ziller and Viren Amin and John W. Whitaker and Matthew D. Schultz and Lucas D. Ward and Abhishek Sarkar and Gerald T. Quon and Richard S. Sandstrom and Matthew L. Eaton and Yi-Chieh Wu and Andreas R. Pfenning and Xinchen Wang and Melina Claussnitzer and Yaping Liu and Cristian Coarfa and R. Alan Harris and Noam Shoresh and Charles B. Epstein and Elizabeta Gjoneska and Danny Leung and Wei Xie and R. David Hawkins and Ryan Lister and Chibo Hong and Philippe Gascard and Andrew J. Mungall and Richard A. Moore and Eric Chuah and Angela Tam and Theresa K. Canfield and R. Scott Hansen and Rajinder Kaul and Peter J. Sabo and Mukul S. Bansal and Annaick Carles and Jesse R. Dixon and Kai-How Farh and Soheil Feizi and Rosa Karlic and Ah-Ram Kim and Ashwinikumar Kulkarni and Daofeng Li and Rebecca F. Lowdon and GiNell Elliott and Tim R. Mercer and Shane J. Neph and Vitor Onuchic and Paz Polak and Nisha Rajagopal and Pradipta Ray and Richard C. Sallari and Kyle T. Siebenthall and Nicholas A. Sinnott-Armstrong and Michael Stevens and Robert E. Thurman and Jie Wu and Bo Zhang and Xin Zhou and Arthur E. Beaudet and Laurie A. Boyer and Philip L. De Jager and Peggy J. Farnham and Susan J. Fisher and David Haussler and Steven J. M. Jones and Wei Li and Marco A. Marra and Michael T. McManus and Shamil R. Sunyaev and James A. Thomson and Thea D. Tlsty and Li-Huei Tsai and Wei Wang and Robert A. Waterland and Michael Q. Zhang and Lisa H. Chadwick and Bradley E. Bernstein and Joseph F. Costello and Joseph R. Ecker and Martin Hirst and Alexander Meissner and Aleksandar Milosavljevic and Bing Ren and John A. Stamatoyannopoulos and Ting Wang and Manolis Kellis},
  booktitle={Nature},
  year={2015}
}

@article{Schmitt2016ACO,
  title={A Compendium of Chromatin Contact Maps Reveals Spatially Active Regions in the Human Genome.},
  author={Anthony D. Schmitt and Ming Hu and Inkyung Jung and Zheng Xu and Yunjiang Qiu and Catherine L. Tan and Yun Li and Shin Lin and Yiing Lin and Cathy L. Barr and Bing Ren},
  journal={Cell reports},
  year={2016},
  volume={17 8},
  pages={
          2042-2059
        }
}

@article{Zhernakova2017IdentificationOC,
  title={Identification of context-dependent expression quantitative trait loci in whole blood},
  author={Daria V Zhernakova and Patrick Deelen and Martijn Vermaat and Maarten van Iterson and Michiel van Galen and Wibowo Arindrarto and Peter van 't Hof and Hailiang Mei and Freerk van Dijk and H. Westra and Marc Jan Bonder and Jeroen van Rooij and Marijn Verkerk and P. Mila Jhamai and Matthijs H. Moed and Szymon M. Kiełbasa and Jan Bot and Irene Nooren and Ren{\'e} Pool and Jenny van Dongen and Jouke Jan Hottenga and Coen D A Stehouwer and Carla J. H. van der Kallen and Casper G Schalkwijk and Alexandra Zhernakova and Yang Li and Ettje F. Tigchelaar and Niek de Klein and Marian Beekman and Joris Deelen and Diana van Heemst and Leonard H van den Berg and Albert Hofman and Andr{\'e} G. Uitterlinden and Marleen M. J. van Greevenbroek and Jan H. Veldink and Dorret I. Boomsma and Cornelia M. van Duijn and Cisca Wijmenga and P. Eline Slagboom and Morris A. Swertz and Aaron Isaacs and Joyce B. J. van Meurs and Rick Jansen and Bastiaan T Heijmans and Peter A. C. ‘t Hoen and Lude Franke},
  journal={Nature Genetics},
  year={2017},
  volume={49},
  pages={139-145}
}

@inproceedings{Abraham2016FlashPCA2PC,
  title={FlashPCA2: principal component analysis of biobank-scale genotype datasets},
  author={Gad Abraham and Yixuan Qiu and Michael Inouye},
  year={2016}
}

@inproceedings{Wang2010ANNOVARFA,
  title={ANNOVAR: functional annotation of genetic variants from high-throughput sequencing data},
  author={Kai Wang and Mingyao Li and Hakon Hakonarson},
  booktitle={Nucleic acids research},
  year={2010}
}

@article{Westra2013SystematicIO,
  title={Systematic identification of trans eQTLs as putative drivers of known disease associations},
  author={Harm-Jan Westra and Marjolein J. Peters and T{\~o}nu Esko and Hanieh Yaghootkar and Claudia Schurmann and Johannes Kettunen and Mark W. Christiansen and Benjamin P Fairfax and Katharina Schramm and Joseph E. Powell and Alexandra Zhernakova and Daria V Zhernakova and Jan Herman Veldink and Leonard H. van den Berg and Juha Karjalainen and Sebo Withoff and Andr{\'e} G. Uitterlinden and Albert Hofman and Fernando Rivadeneira and Peter A. C. 't Hoen and Eva Reinmaa and Krista Fischer and Mari Nelis and Lili Milani and David Melzer and Luigi Ferrucci and Andrew B. Singleton and Dena G Hernandez and Michael A. Nalls and Georg Homuth and Matthias Nauck and D{\"o}rte Radke and Uwe V{\"o}lker and Markus Perola and Veikko V Salomaa and Jennifer A Brody and Astrid M. Suchy-Dicey and Sina A Gharib and Daniel A. Enquobahrie and Thomas Lumley and Grant W. Montgomery and Seiko Makino and Holger Prokisch and Christian Herder and Michael Roden and Harald Grallert and Thomas Meitinger and Konstantin Strauch and Yang Li and Ritsert C. Jansen and Peter M. Visscher and Julian C. Knight and Bruce M. Psaty and Samuli Ripatti and Alexander Teumer and Timothy M. Frayling and Andres Metspalu and Joyce van Meurs and Lude Franke},
  journal={Nature Genetics},
  year={2013},
  volume={45},
  pages={1238-1243}
}

@article{Ardlie2015TheGE,
  title={The Genotype-Tissue Expression (GTEx) pilot analysis: Multitissue gene regulation in humans},
  author={Kristin G Ardlie and David S. Deluca and Ayellet V Segr{\`e} and Timothy John Sullivan and Taylor R. Young and Ellen T. Gelfand and Casandra A. Trowbridge and Julian B. Maller and Taru Tukiainen and Monkol Lek and Lucas D. Ward and Pouya Kheradpour and Benjamin Iriarte and Yan Meng and Catherine Palmer and T{\~o}nu Esko and Wendy Winckler and Joel N Hirschhorn and Manolis Kellis and Daniel G. MacArthur and Gad Getz and Andrey A. Shabalin and Gen Li and Yi-Hui Zhou and Andrew B. Nobel and Ivan Rusyn and Fred A. Wright and Tuuli Lappalainen and Pedro Gabriel Dias Ferreira and Halit Ongen and Manuel A. Rivas and Alexis Battle and Sara Mostafavi and Jean Monlong and Michael Sammeth and Marta Mele and Ferran Reverter and Jakob M Goldmann and Daphne Koller and Roderic Guig{\'o} and Mark I. McCarthy and Emmanouil T. Dermitzakis and Eric R. Gamazon and Hae Kyung Im and Anuar Konkashbaev and Dan L. Nicolae and Nancy J. Cox and Timoth{\'e}e Flutre and Xiaoquan Wen and Matthew Stephens and Jonathan K. Pritchard and Zhidong Tu and Bin Zhang and Tao Huang and Quan Long and Luan Lin and Jialiang Yang and Jun Zhu and Jun Liu and Amanda M. V. Brown and Bernadette Mestichelli and Denee Tidwell and Edmund Lo and Michael F. Salvatore and Saboor Shad and Jeffrey A. Thomas and John T. Lonsdale and Michael T. Moser and Bryan M. Gillard and Ellen Karasik and Kimberly Ramsey and Christopher Choi and Barbara A. Foster and John Syron and Johnell Fleming and Harold Magazine and Rick D. Hasz and Gary D. Walters and Jason P. Bridge and Mark Miklos and Susan Laura Sullivan and Laura Barker and Heather M. Traino and Maghboeba Mosavel and Laura A. Siminoff and Dana R. Valley and Daniel Rohrer and Scott Jewell and Philip A Branton and Leslie H. Sobin and Mary Barcus and Liqun Qi and Jeffrey A. McLean and Pushpa Hariharan and Ki Sung Um and Shenpei Wu and David Tabor and Charles Shive and Anna Marie Smith and Stephen A. Buia and Anita H. Undale and Karna L. Robinson and Nancy V. Roche and Kimberly M. Valentino and Angela Britton and Robin Burges and Debra Bradbury and Kenneth W. Hambright and John Seleski and Greg E. Korzeniewski and Kenyon Erickson and Yvonne Marcus and Jorge Tejada and Mehran Taherian and Chunrong Lu and Margaret J. Basile and Deborah C. Mash and Simona Volpi and Jeffery P. Struewing and Gary F. Temple and Joy T Boyer and Deborah Colantuoni and Roger W. Little and Susan E. Koester and Latarsha J. Carithers and Helen M Moore and Ping Guan and Carolyn C. Compton and Sherilyn J. Sawyer and Joanne P. Demchok and Jimmie B. Vaught and Chana A. Rabiner and Lockhart},
  journal={Science},
  year={2015},
  volume={348},
  pages={648-660}
}

@article{Ashburner2000GeneOT,
  title={Gene Ontology: tool for the unification of biology},
  author={Michael Ashburner and Catherine A. Ball and Judith A. Blake and David Botstein and Heather Butler and J. Michael Cherry and Allan Peter Davis and Kara Dolinski and Selina S. Dwight and Janan T. Eppig and Midori A. Harris and David P. Hill and Laurie Issel-Tarver and Andrew Kasarskis and Suzanna Lewis and John C. Matese and Joel E. Richardson and Martin Ringwald and Gerald M. Rubin and Gavin Sherlock},
  journal={Nature Genetics},
  year={2000},
  volume={25},
  pages={25-29}
}

@article{Auton2015AGR,
  title={A global reference for human genetic variation},
  author={Adam Auton and Lisa D. Brooks and Richard M Durbin and Erik Garrison and Hyun Min Kang and Jan O. Korbel and Jonathan L. Marchini and Shane E. McCarthy and Gil McVean and Gonçalo R. Abecasis},
  journal={Nature},
  year={2015},
  volume={526},
  pages={68-74}
}

@inproceedings{Webb2017MolecularGI,
  title={Molecular Genetic Influences on Normative and Problematic Alcohol Use in a Population-Based Sample of College Students},
  author={Bradley Todd Webb and Alexis C Edwards and A Wolen and Jessica E Salvatore and Fazil Aliev and Brien P. Riley and Cuie Sun and Vernell S. Williamson and James N. Kitchens and Kimberly Pedersen and Amy B. Adkins and Megan E Cooke and Jeanne E Savage and Zoe Neale and Seung Bin Cho and Danielle M Dick and Kenneth S. Kendler},
  booktitle={Front. Genet.},
  year={2017}
}

@inproceedings{Bycroft2018TheUB,
  title={The UK Biobank resource with deep phenotyping and genomic data},
  author={Clare Bycroft and Colin Freeman and Desislava Petkova and Gavin Band and Lloyd T. Elliott and Kevin Sharp and Allan Motyer and Damjan Vukcevic and O Delaneau and Jared O'Connell and Adrian Cortes and Samantha Welsh and Alan S. Young and Mark Effingham and Gil McVean and Stephen Leslie and Naomi E Allen and Peter Donnelly and Jonathan Marchini},
  booktitle={Nature},
  year={2018}
}

@article{McCarthy2016ARP,
  title={A reference panel of 64,976 haplotypes for genotype imputation},
  author={Shane A. McCarthy and Sayantan Das and Warren W Kretzschmar and O Delaneau and Andrew R Wood and Alexander Teumer and Hyun Min Kang and Christian Fuchsberger and Petr Danecek and Kevin Sharp and Yang Luo and Carlo Sidore and Alan M. Kwong and Nicholas John Timpson and Seppo Koskinen and Scott Vrieze and Laura J. Scott and He Zhang and Anubha Mahajan and Jan Herman Veldink and Ulrike Peters and Carlos N. Pato and Cornelia M. van Duijn and Christopher E. Gillies and Ilaria Gandin and Massimo Mezzavilla and Arthur Gilly and Massimiliano Cocca and Michela Traglia and A Angius and Jeffrey C. Barrett and D. I. Boomsma and Kari E. H. Branham and Gerome Breen and Chad M Brummett and Fabio Busonero and Harry Campbell and Andrew T Chan and Sai Chen and Emily Y. Chew and Francis S. Collins and Laura J Corbin and George Davey Smith and George V. Dedoussis and Marcus Dorr and Aliki-Eleni Farmaki and Luigi Ferrucci and Lukas Forer and Ross M. Fraser and Stacey Bolk Gabriel and Shawn E. Levy and Leif Groop and Tabitha A Harrison and Andrew T Hattersley and Oddgeir Lingaas Holmen and Kristian Hveem and Matthias Kretzler and James C. Lee and M K Mcgue and Thomas Meitinger and David Melzer and Josine L. Min and Karen L. Mohlke and John B. Vincent and Matthias Nauck and Deborah A. Nickerson and Aarno Palotie and Michele T. Pato and Nicola Pirastu and Melvin G. McInnis and J. Brent Richards and Cinzia Felicita Sala and Veikko Salomaa and David Schlessinger and Sebastian Sch{\"o}nherr and P. Eline Slagboom and Kerrin S. Small and Timothy David Spector and Dwight Stambolian and Marcus A Tuke and Jaakko Tuomilehto and Leonard H van den Berg and Wouter van Rheenen and Uwe Volker and Cisca Wijmenga and Daniela Toniolo and Eleftheria Zeggini and Paolo Gasparini and Matthew G. Sampson and James F Wilson and Timothy M. Frayling and Paul I W de Bakker and Morris A. Swertz and Steven A. McCarroll and Charles L. Kooperberg and Annelot M. Dekker and David M Altshuler and Cristen J. Willer and William G. Iacono and Samuli Ripatti and Nicole Soranzo and Klaudia Walter and Anand Swaroop and Francesco Cucca and Carl A Anderson and Richard M Myers and Michael Boehnke and Mark I. McCarthy and Richard Durbin},
  journal={Nature Genetics},
  year={2016},
  volume={48},
  pages={1279-1283}
}

@article{Zhu2016AlterationsOF,
  title={Alterations of Functional and Structural Networks in Schizophrenia Patients with Auditory Verbal Hallucinations},
  author={Jiajia Zhu and Chunli Wang and Feng Liu and Wen Qin and Jie Li and Chuanjun Zhuo},
  journal={Frontiers in human neuroscience},
  year={2016},
  volume={10},
  pages={
          114
        }
}

@article{Gao2008AMT,
  title={A multiple testing correction method for genetic association studies using correlated single nucleotide polymorphisms.},
  author={Xiaoyi Gao and Joshua D. Starmer and Eden R. Martin},
  journal={Genetic epidemiology},
  year={2008},
  volume={32 4},
  pages={
          361-9
        }
}

@inproceedings{Shriner2008CommonalityOF,
  title={Commonality of functional annotation: a method for prioritization of candidate genes from genome-wide linkage studies†},
  author={Daniel Shriner and Tesfaye M. Baye and Miguel A. Padilla and Shiju Zhang and Laura K. Vaughan and Ann E. Loraine},
  booktitle={Nucleic acids research},
  year={2008}
}

@article{Li2005AdjustingMT,
  title={Adjusting multiple testing in multilocus analyses using the eigenvalues of a correlation matrix},
  author={Jian Li and Lijiu Ji},
  journal={Heredity},
  year={2005},
  volume={95},
  pages={221-227}
}

@inproceedings{Team2014RAL,
  title={R: A language and environment for statistical computing.},
  author={R Core Team},
  year={2014}
}

@inproceedings{Arnatkeviciute2018APG,
  title={A practical guide to linking brain-wide gene expression and neuroimaging data},
  author={Aurina Arnatkeviciute and Ben D. Fulcher and Alex Fornito},
  year={2018}
}

@article{Hawrylycz2012AnAC,
  title={An anatomically comprehensive atlas of the adult human brain transcriptome},
  author={Michael J Hawrylycz and Ed S Lein and Angela L. Guillozet-Bongaarts and Elaine H. Shen and Lydia Ng and Jeremy A. Miller and Louie N. van de Lagemaat and Kimberly A. Smith and Amanda J. Ebbert and Zackery L. Riley and Chris Abajian and Christian F. Beckmann and Amy Bernard and Darren Bertagnolli and Andrew F. Boe and Preston M. Cartagena and M. Mallar Chakravarty and Mike Chapin and Jimmy Chong and Rachel A. Dalley and Barry D Daly and Chinh Dang and Suvro Datta and Nick Dee and Tim Dolbeare and Vance Faber and David Feng and David R. Fowler and Jeff Goldy and Benjamin W Gregor and Zeb Haradon and David R. Haynor and John G. Hohmann and Steve Horvath and Robert E. Howard and A. Jeromin and Jayson M. Jochim and Marty Kinnunen and Christopher Lau and Evan T. Lazarz and Changkyu Lee and Tracy A. Lemon and Ling Li and Yang Li and John A. Morris and Caroline C. Overly and Patrick D. Parker and Sheana E. Parry and Melissa Reding and Joshua J. Royall and Jay Schulkin and P. Adolfo Sequeira and Clifford R Slaughterbeck and Sim{\'o}n C. Smith and Andy J. Sodt and Susan M Sunkin and Beryl E. Swanson and Marquis P. Vawter and Derric Williams and Paul E Wohnoutka and Horst Ronald Zielke and Daniel H. Geschwind and Patrick R. Hof and Stephen M. Smith and Christof Koch and Seth G. N. Grant and Allan R. Jones},
  journal={Nature},
  year={2012},
  volume={489},
  pages={391-399}
}

@inproceedings{French2015AFV,
  title={A FreeSurfer view of the cortical transcriptome generated from the Allen Human Brain Atlas},
  author={Leon French and Tom{\'a}s Paus},
  booktitle={Front. Neurosci.},
  year={2015}
}

@article{Collin2017AffectedAR,
  title={Affected Anatomical Rich Club and Structural–Functional Coupling in Young Offspring of Schizophrenia and Bipolar Disorder Patients},
  author={Guusje Collin and Lianne H. Scholtens and Ren{\'e} S. Kahn and Manon H J Hillegers and M. van den Heuvel},
  journal={Biological Psychiatry},
  year={2017},
  volume={82},
  pages={746-755}
}

@inproceedings{vanWijk2010ComparingBN,
  title={Comparing Brain Networks of Different Size and Connectivity Density Using Graph Theory},
  author={Bernadette C. M. van Wijk and Cornelis J. Stam and Andreas Daffertshofer},
  booktitle={PloS one},
  year={2010}
}

@inproceedings{Bailey1050,
  title={The isocortex of the chimpanzee},
  author={Percival Bailey and Gerhardt Von Bonin and Warren S McCulloch},
  booktitle={Univ. Illinois Press},
  year={1950}
}

@article{Opsahl2008ProminenceAC,
  title={Prominence and control: the weighted rich-club effect.},
  author={Tore Opsahl and Vittoria Colizza and Pietro Panzarasa and Jos{\'e} J. Ramasco},
  journal={Physical review letters},
  year={2008},
  volume={101 16},
  pages={
          168702
        }
}

@article{vanDenHeuvel2017ProportionalTI,
  title={Proportional thresholding in resting-state fMRI functional connectivity networks and consequences for patient-control connectome studies: Issues and recommendations},
  author={Martijn P. van den Heuvel and Siemon de Lange and Andrew Zalesky and Caio Seguin and B. T. Thomas Yeo and Ruben Schmidt},
  journal={NeuroImage},
  year={2017},
  volume={152},
  pages={437-449}
}

@article{Hagmann2008MappingTS,
  title={Mapping the Structural Core of Human Cerebral Cortex},
  author={Patric Hagmann and Leila Cammoun and Xavier Gigandet and Reto Meuli and Christopher J. Honey and Van J. Wedeen and Olaf Sporns},
  journal={PLoS Biology},
  year={2008},
  volume={6},
  pages={245 - 251}
}

@article{Shen2019ExploringTL,
  title={Exploring the limits of network topology estimation using diffusion-based tractography and tracer studies in the macaque cortex},
  author={Kelly Shen and Alexandros Goulas and David S. Grayson and John Eusebio and Joseph S. Gati and Ravi S. Menon and Anthony R. McIntosh and Stefan Everling},
  journal={NeuroImage},
  year={2019},
  volume={191},
  pages={81-92}
}

@article{Power2012SpuriousBS,
  title={Spurious but systematic correlations in functional connectivity MRI networks arise from subject motion},
  author={Jonathan D. Power and Kelly Anne Barnes and Abraham Z. Snyder and Bradley L. Schlaggar and Steven E. Petersen},
  journal={NeuroImage},
  year={2012},
  volume={59},
  pages={2142-2154}
}

@article{vanDenHeuvel2015ComparisonOD,
  title={Comparison of diffusion tractography and tract-tracing measures of connectivity strength in rhesus macaque connectome.},
  author={Martijn P van den Heuvel and Marcel A de Reus and Lisa Feldman Barrett and Lianne H Scholtens and Fraukje M T Coopmans and Ruben Schmidt and Todd M Preuss and James K Rilling and Longchuan Li},
  journal={Human brain mapping},
  year={2015},
  volume={36 8},
  pages={
          3064-75
        }
}

@article{Yeo2016GraphMO,
  title={Graph Metrics of Structural Brain Networks in Individuals with Schizophrenia and Healthy Controls: Group Differences, Relationships with Intelligence, and Genetics.},
  author={Ronald A Yeo and Sephira G Ryman and Martijn P van den Heuvel and Marcel A de Reus and Rex E Jung and Jessica Pommy and Andrew R Mayer and Stefan Ehrlich and S Charles Schulz and Eric M Morrow and Dara Manoach and Beng-Choon Ho and Scott R Sponheim and Vince D Calhoun},
  journal={Journal of the International Neuropsychological Society : JINS},
  year={2016},
  volume={22 2},
  pages={
          240-9
        }
}

@article{Klauser2017WhiteMD,
  title={White Matter Disruptions in Schizophrenia Are Spatially Widespread and Topologically Converge on Brain Network Hubs.},
  author={Paul Klauser and Simon T. E. Baker and Vanessa L. Cropley and Chad A Bousman and Alex Fornito and Luca Cocchi and Janice M Fullerton and Paul E. Rasser and Ulrich Schall and Frans A. Henskens and Patricia T. Michie and C. M. Loughland and S. V. Catts and Bryan J. Mowry and Thomas W Weickert and C Shannon Weickert and Vaughan J. Carr and Rhoshel K. Lenroot and Christos Pantelis and Andrew Zalesky},
  journal={Schizophrenia bulletin},
  year={2017},
  volume={43 2},
  pages={
          425-435
        }
}

@article{Chang2005RESTORERE,
  title={RESTORE: robust estimation of tensors by outlier rejection.},
  author={Lin-Ching Chang and Derek K. Jones and Carlo Pierpaoli},
  journal={Magnetic resonance in medicine},
  year={2005},
  volume={53 5},
  pages={
          1088-95
        }
}

@article{Mori2002FiberTP,
  title={Fiber tracking: principles and strategies - a technical review.},
  author={Susumu Mori and P C M van Zijl},
  journal={NMR in biomedicine},
  year={2002},
  volume={15 7-8},
  pages={
          468-80
        }
}

@article{Sarwar2019MappingCW,
  title={Mapping connectomes with diffusion MRI: deterministic or probabilistic tractography?},
  author={Tabinda Sarwar and Kotagiri Ramamohanarao and Andrew Zalesky},
  journal={Magnetic resonance in medicine},
  year={2019},
  volume={81 2},
  pages={
          1368-1384
        }
}

@inproceedings{Cui2017AberrantPA,
  title={Aberrant perfusion and its connectivity within default mode network of first-episode drug-na{\"i}ve schizophrenia patients and their unaffected first-degree relatives},
  author={Long-biao Cui and Liu-Xian Wang and Ping Tian and Hua-Ning Wang and Min Cai and Fan Guo and Chen Li and Yen Liang Wu and Peng-Gang Qiao and Zi-Liang Xu and Lin Liu and Hong Cheng He and Wen-Jun Wu and Yi-Bin Xi and Hong Yin},
  booktitle={Scientific Reports},
  year={2017}
}

@article{Cui2018DiseaseDF,
  title={Disease Definition for Schizophrenia by Functional Connectivity Using Radiomics Strategy.},
  author={Long-biao Cui and Lin Liu and Hua-Ning Wang and Liu-Xian Wang and Fan Guo and Yi-Bin Xi and Ting-Ting Liu and Chen Li and Ping Tian and Kang Liu and Wen-jun Wu and Yi-Huan Chen and W Qin and Hong Yin},
  journal={Schizophrenia bulletin},
  year={2018},
  volume={44 5},
  pages={
          1053-1059
        }
}

@inproceedings{Schmidt2017StructuralND,
  title={Structural Network Disorganization in Subjects at Clinical High Risk for Psychosis},
  author={Andrea L Schmidt and Nicolas Crossley and Fabienne Harrisberger and Renata Smieskova and Claudia Lenz and Anita Riecher-R{\"o}ssler and Undine E. Lang and Philip K. McGuire and Paolo Fusar-Poli and Stefan J. Borgwardt},
  booktitle={Schizophrenia bulletin},
  year={2017}
}

@article{Millan2016AlteringTC,
  title={Altering the course of schizophrenia: progress and perspectives},
  author={Mark John Millan and Annie Andrieux and George Bartzokis and Kristin S. Cadenhead and Paola Dazzan and Paolo Fusar-Poli and J{\"u}rgen Gallinat and Jay N. Giedd and Dennis R. Grayson and Markus Heinrichs and Ren{\'e} S. Kahn and Marie - Odile Krebs and Marion Leboyer and David A. Lewis and Oscar Mar{\'i}n and Philippe Marin and Andreas Meyer-Lindenberg and Patrick D. McGorry and Philip Mcguire and Michael J. Owen and Paul R. Patterson and Anna G.U. Sawa and Michael Spedding and Peter J Uhlhaas and Flora M Vaccarino and Claes Wahlestedt and Daniel Weinberger},
  journal={Nature Reviews Drug Discovery},
  year={2016},
  volume={15},
  pages={485-515}
}

@article{Crossley2017ConnectomicCO,
  title={Connectomic correlates of response to treatment in first-episode psychosis.},
  author={Nicolas Crossley and Tiago Reis Marques and Heather Taylor and Chris Chaddock and Flavio Dell'Acqua and Antje A. Reinders and Valeria Mondelli and Marta DiForti and Andrew J. Simmons and Anthony S. David and Shitij Kapur and Carmine M Pariante and Robin M. Murray and Paola Dazzan},
  journal={Brain : a journal of neurology},
  year={2017},
  volume={140 2},
  pages={
          487-496
        }
}

@inproceedings{Collin2014ImpairedRC,
  title={Impaired Rich Club Connectivity in Unaffected Siblings of Schizophrenia Patients},
  author={Guusje Collin and Ren{\'e} S. Kahn and Marcel A. de Reus and Wiepke Cahn and Martijn P. van den Heuvel},
  booktitle={Schizophrenia bulletin},
  year={2014}
}

@article{vanDenHeuvel2013AbnormalRC,
  title={Abnormal rich club organization and functional brain dynamics in schizophrenia.},
  author={Martijn P van den Heuvel and Olaf Sporns and Guusje Collin and Thomas Scheewe and Ren{\'e} C W Mandl and Wiepke Cahn and Joaqu{\'i}n Go{\~n}i and Hilleke E Hulshoff Pol and Ren{\'e} S Kahn},
  journal={JAMA psychiatry},
  year={2013},
  volume={70 8},
  pages={
          783-92
        }
}

@article{vanDenHeuvel2012HighcostHB,
  title={High-cost, high-capacity backbone for global brain communication.},
  author={Martijn P van den Heuvel and Ren{\'e} S Kahn and Joaqu{\'i}n Go{\~n}i and Olaf Sporns},
  journal={Proceedings of the National Academy of Sciences of the United States of America},
  year={2012},
  volume={109 28},
  pages={
          11372-7
        }
}

@article{Abraham2017DerivingRB,
  title={Deriving reproducible biomarkers from multi-site resting-state data: An Autism-based example},
  author={Alexandre Abraham and Michael P. Milham and Adriana Di Martino and R. Cameron Craddock and Dimitris Samaras and Bertrand Thirion and Ga{\"e}l Varoquaux},
  journal={NeuroImage},
  year={2017},
  volume={147},
  pages={736-745}
}

@article{vanDenHeuvel2011RichclubOO,
  title={Rich-club organization of the human connectome.},
  author={Martijn P van den Heuvel and Olaf Sporns},
  journal={The Journal of neuroscience : the official journal of the Society for Neuroscience},
  year={2011},
  volume={31 44},
  pages={
          15775-86
        }
}

@article{vanDenHeuvel2010AberrantFA,
  title={Aberrant frontal and temporal complex network structure in schizophrenia: a graph theoretical analysis.},
  author={Martijn P van den Heuvel and Ren{\'e} C W Mandl and Cornelis J Stam and Ren{\'e} S Kahn and Hilleke E Hulshoff Pol},
  journal={The Journal of neuroscience : the official journal of the Society for Neuroscience},
  year={2010},
  volume={30 47},
  pages={
          15915-26
        }
}

@article{Brugger2017HeterogeneityAH,
  title={Heterogeneity and Homogeneity of Regional Brain Structure in Schizophrenia: A Meta-analysis.},
  author={Stefan P Brugger and Oliver D. Howes},
  journal={JAMA psychiatry},
  year={2017},
  volume={74 11},
  pages={
          1104-1111
        }
}

@article{Dong2018DysfunctionOL,
  title={Dysfunction of Large-Scale Brain Networks in Schizophrenia: A Meta-analysis of Resting-State Functional Connectivity.},
  author={Debo Dong and Yulin Wang and Xuebin Chang and Cheng Luo and Dezhong Yao},
  journal={Schizophrenia bulletin},
  year={2018},
  volume={44 1},
  pages={
          168-181
        }
}

@article{Dietsche2017StructuralBC,
  title={Structural brain changes in schizophrenia at different stages of the illness: A selective review of longitudinal magnetic resonance imaging studies.},
  author={Bruno Dietsche and Tilo T. J. Kircher and Irina Falkenberg},
  journal={The Australian and New Zealand journal of psychiatry},
  year={2017},
  volume={51 5},
  pages={
          500-508
        }
}

@article{Barbas2016HowTP,
  title={How the prefrontal executive got its stripes},
  author={Helen Barbas and Miguel {\'A}ngel Garc{\'i}a-Cabezas},
  journal={Current Opinion in Neurobiology},
  year={2016},
  volume={40},
  pages={125-134}
}

@article{MarnPadilla1970PrenatalAE,
  title={Prenatal and early postnatal ontogenesis of the human motor cortex: a golgi study. I. The sequential development of the cortical layers.},
  author={Miguel Mar{\'i}n-Padilla},
  journal={Brain research},
  year={1970},
  volume={23 2},
  pages={
          167-83
        }
}

@article{Shaw2008NeurodevelopmentalTO,
  title={Neurodevelopmental trajectories of the human cerebral cortex.},
  author={W. Philip Shaw and N. J. Kabani and Jason P. Lerch and Kristen Laurel Eckstrand and Rhoshel K. Lenroot and Nitin Gogtay and Deanna K. Greenstein and Liv S. Clasen and Alan C. Evans and Judith L. Rapoport and Jay N. Giedd and Steve P Wise},
  journal={The Journal of neuroscience : the official journal of the Society for Neuroscience},
  year={2008},
  volume={28 14},
  pages={
          3586-94
        }
}

@article{Zilles1997QuantitativeAO,
  title={Quantitative analysis of sulci in the human cerebral cortex: development, regional heterogeneity, gender difference, asymmetry, intersubject variability and cortical architecture.},
  author={Karl Zilles and Axel Schleicher and C Langemann and Katrin Amunts and Patricia Morosan and Nicola Palomero-Gallagher and Thorsten Schormann and Hartmurt Mohlberg and Uli B{\"u}rgel and Helmuth Steinmetz and Gottfried Schlaug and Per E. Roland},
  journal={Human brain mapping},
  year={1997},
  volume={5 4},
  pages={
          218-21
        }
}

@article{Jbabdi2011TractographyWD,
  title={Tractography: Where Do We Go from Here?},
  author={Sa{\^a}d Jbabdi and Heidi Johansen-Berg},
  journal={Brain connectivity},
  year={2011},
  volume={1 3},
  pages={
          169-83
        }
}

@article{Hilgetag2010CytoarchitecturalDA,
  title={Cytoarchitectural differences are a key determinant of laminar projection origins in the visual cortex},
  author={Claus C. Hilgetag and Simon Grant},
  journal={NeuroImage},
  year={2010},
  volume={51},
  pages={1006-1017}
}

@article{Zilles2010CentenaryOB,
  title={Centenary of Brodmann's map — conception and fate},
  author={Karl Zilles and Katrin Amunts},
  journal={Nature Reviews Neuroscience},
  year={2010},
  volume={11},
  pages={139-145}
}

@article{Barbas2005ParallelOO,
  title={Parallel organization of contralateral and ipsilateral prefrontal cortical projections in the rhesus monkey},
  author={Helen Barbas and Claus C. Hilgetag and Subhash Chand Saha and Catherine R. Dermon and Joanna L Suski},
  journal={BMC Neuroscience},
  year={2005},
  volume={6},
  pages={32 - 32}
}

@article{Amunts2015ArchitectonicMO,
  title={Architectonic Mapping of the Human Brain beyond Brodmann},
  author={Katrin Amunts and Karl Zilles},
  journal={Neuron},
  year={2015},
  volume={88},
  pages={1086-1107}
}

@inproceedings{Caspers2012CytoarchitectonicalAA,
  title={Cytoarchitectonical analysis and probabilistic mapping of two extrastriate areas of the human posterior fusiform gyrus},
  author={Julian Caspers and Karl Zilles and Simon B. Eickhoff and Axel Schleicher and Hartmut Mohlberg and Katrin Amunts},
  booktitle={Brain Structure and Function},
  year={2012}
}

@inproceedings{Kujovic2012CytoarchitectonicMO,
  title={Cytoarchitectonic mapping of the human dorsal extrastriate cortex},
  author={Milenko Kujovic and Karl Zilles and Aleksandar Malikovic and Axel Schleicher and Hartmut Mohlberg and Claudia Rottschy and Simon B. Eickhoff and Katrin Amunts},
  booktitle={Brain Structure and Function},
  year={2012}
}

@article{Schleicher2000ASA,
  title={A stereological approach to human cortical architecture: identification and delineation of cortical areas},
  author={A Schleicher and K Amunts and S Geyer and T Kowalski and K Zilles},
  journal={Journal of Chemical Neuroanatomy},
  year={2000},
  volume={20},
  pages={31-47}
}

@article{Schleicher1999ObserverIndependentMF,
  title={Observer-Independent Method for Microstructural Parcellation of Cerebral Cortex: A Quantitative Approach to Cytoarchitectonics},
  author={Axel Schleicher and Katrin Amunts and Stefan Geyer and Patricia Morosan and Karl Zilles},
  journal={NeuroImage},
  year={1999},
  volume={9},
  pages={165-177}
}

@article{SCHLEICHER1986221,
title = "A quantitative approach to cytoarchitectonics: software and hardware aspects of a system for the evaluation and analysis of structural inhomogeneities in nervous tissue",
journal = "Journal of Neuroscience Methods",
volume = "18",
number = "1",
pages = "221 - 235",
year = "1986",
issn = "0165-0270",
doi = "https://doi.org/10.1016/0165-0270(86)90121-4",
url = "http://www.sciencedirect.com/science/article/pii/0165027086901214",
author = "Axel Schleicher and Karl Zilles and Andreas Wree",
keywords = "Cytoarchitectonics, Automatic image analysis, Volume density, Grey level index, Digital filtering"
}

@article{SCHMITT20021103,
title = "A Robust Transcortical Profile Scanner for Generating 2-D Traverses in Histological Sections of Richly Curved Cortical Courses",
journal = "NeuroImage",
volume = "16",
number = "4",
pages = "1103 - 1119",
year = "2002",
issn = "1053-8119",
doi = "https://doi.org/10.1006/nimg.2002.1159",
url = "http://www.sciencedirect.com/science/article/pii/S1053811902911596",
author = "O. Schmitt and M. Böhme",
keywords = "cortex cerebri, mapping, profiles, traverses, transcortical scanning, image analysis, videomicroscopy, transparent flat bed scanning"
}

@article{WREE198229,
title = "Estimation of volume fractions in nervous tissue with an image analyzer",
journal = "Journal of Neuroscience Methods",
volume = "6",
number = "1",
pages = "29 - 43",
year = "1982",
issn = "0165-0270",
doi = "https://doi.org/10.1016/0165-0270(82)90014-0",
url = "http://www.sciencedirect.com/science/article/pii/0165027082900140",
author = "Andreas Wree and Axel Schleicher and Karl Zilles",
keywords = "nervous tissue, quantitative morphology, volume fraction, grey cell coefficient, automatic image analysis, grey level index"
}

@Article{Schleicher2009,
author="Schleicher, Axel
and Morosan, Patricia
and Amunts, Katrin
and Zilles, Karl",
title="Quantitative Architectural Analysis: A New Approach to Cortical Mapping",
journal="Journal of Autism and Developmental Disorders",
year="2009",
month="Jul",
day="07",
volume="39",
number="11",
pages="1568",
issn="1573-3432",
doi="10.1007/s10803-009-0790-8",
url="https://doi.org/10.1007/s10803-009-0790-8"
}

@article{MACKEY20091089,
title = "Architectonic mapping of the medial region of the human orbitofrontal cortex by density profiles",
journal = "Neuroscience",
volume = "159",
number = "3",
pages = "1089 - 1107",
year = "2009",
issn = "0306-4522",
doi = "https://doi.org/10.1016/j.neuroscience.2009.01.036",
url = "http://www.sciencedirect.com/science/article/pii/S0306452209000529",
author = "S. Mackey and M. Petrides",
keywords = "human, cytoarchitecture, orbitofrontal cortex, areal density, density profiles"
}

@article{HAUG1956,
author = {Haug, Herbert},
title = {Remarks on the determination and significance of the gray cell coefficient},
journal = {Journal of Comparative Neurology},
volume = {104},
number = {3},
pages = {473-492},
doi = {10.1002/cne.901040306},
url = {https://onlinelibrary.wiley.com/doi/abs/10.1002/cne.901040306},
eprint = {https://onlinelibrary.wiley.com/doi/pdf/10.1002/cne.901040306},
year = {1956}
}

@article{RUBINOV20101059,
title = "Complex network measures of brain connectivity: Uses and interpretations",
journal = "NeuroImage",
volume = "52",
number = "3",
pages = "1059 - 1069",
year = "2010",
note = "Computational Models of the Brain",
issn = "1053-8119",
doi = "https://doi.org/10.1016/j.neuroimage.2009.10.003",
url = "http://www.sciencedirect.com/science/article/pii/S105381190901074X",
author = "Mikail Rubinov and Olaf Sporns"
}

@article{MORI1999,
author = {Mori, Susumu and Crain, Barbara J. and Chacko, V. P. and Van Zijl, Peter C. M.},
title = {Three-dimensional tracking of axonal projections in the brain by magnetic resonance imaging},
journal = {Annals of Neurology},
volume = {45},
number = {2},
pages = {265-269},
doi = {10.1002/1531-8249(199902)45:2<265::AID-ANA21>3.0.CO;2-3},
year = {1999}
}

@ARTICLE{YEH2010, 
author={F. {Yeh} and V. J. {Wedeen} and W. I. {Tseng}}, 
journal={IEEE Transactions on Medical Imaging}, 
title={Generalized ${ q}$-Sampling Imaging}, 
year={2010}, 
volume={29}, 
number={9}, 
pages={1626-1635}, 
doi={10.1109/TMI.2010.2045126}, 
ISSN={0278-0062}, 
month={Sep.},}

@article{ANDERSSON2002177,
title = "A Model-Based Method for Retrospective Correction of Geometric Distortions in Diffusion-Weighted EPI",
journal = "NeuroImage",
volume = "16",
number = "1",
pages = "177 - 199",
year = "2002",
issn = "1053-8119",
doi = "https://doi.org/10.1006/nimg.2001.1039",
url = "http://www.sciencedirect.com/science/article/pii/S1053811901910390",
author = "Jesper L.R. Andersson and Stefan Skare"
}

@article{VANDENHEUVEL2016293,
title = "Associated Microscale Spine Density and Macroscale Connectivity Disruptions in Schizophrenia",
journal = "Biological Psychiatry",
volume = "80",
number = "4",
pages = "293 - 301",
year = "2016",
note = "Molecular Mechanisms of Microcircuit Dysfunction in Schizophrenia",
issn = "0006-3223",
doi = "https://doi.org/10.1016/j.biopsych.2015.10.005",
url = "http://www.sciencedirect.com/science/article/pii/S0006322315008203",
author = "Martijn P. van den Heuvel and Lianne H. Scholtens and Marcel A. de Reus and René S. Kahn",
keywords = "Connectivity, Connectome, Diffusion imaging, MRI, Schizophrenia, Spine density"
}

@article{FISCHL2012Freesurfer,
title = "FreeSurfer",
journal = "NeuroImage",
volume = "62",
number = "2",
pages = "774 - 781",
year = "2012",
note = "20 YEARS OF fMRI",
issn = "1053-8119",
doi = "https://doi.org/10.1016/j.neuroimage.2012.01.021",
url = "http://www.sciencedirect.com/science/article/pii/S1053811912000389",
author = "Bruce Fischl",
}

@inproceedings{Andersson2007NonlinearOF,
  title={Non-linear optimisation FMRIB Technial Report TR 07 JA 1},
  author={Jesper L. R. Andersson and Mark Jenkinson and Jesper Andersson},
  year={2007}
}

@article{SCHOLTENS2018ECONOMO,
title = "An MRI Von Economo – Koskinas atlas",
journal = "NeuroImage",
volume = "170",
pages = "249 - 256",
year = "2018",
note = "Segmenting the Brain",
issn = "1053-8119",
doi = "https://doi.org/10.1016/j.neuroimage.2016.12.069",
url = "http://www.sciencedirect.com/science/article/pii/S1053811916307959",
author = "Lianne H. Scholtens and Marcel A. de Reus and Siemon C. de Lange and Ruben Schmidt and Martijn P. van den Heuvel"
}

@article{Scholtens2015ECONOMO,
author = {Scholtens, Lianne H. and de Reus, Marcel A. and van den Heuvel, Martijn P.},
title = {Linking contemporary high resolution magnetic resonance imaging to the von economo legacy: A study on the comparison of MRI cortical thickness and histological measurements of cortical structure},
journal = {Human Brain Mapping},
volume = {36},
number = {8},
pages = {3038-3046},
keywords = {cortex, cortical thickness, cortical layer, cytoarchitecture, von Economo, Magnetic Resonance Imaging, T1-weighted imaging, Human Connectome Project},
doi = {10.1002/hbm.22826},
url = {https://onlinelibrary.wiley.com/doi/abs/10.1002/hbm.22826},
eprint = {https://onlinelibrary.wiley.com/doi/pdf/10.1002/hbm.22826},
year = {2015}
}

@article{CAMMOUN2012386,
title = "Mapping the human connectome at multiple scales with diffusion spectrum MRI",
journal = "Journal of Neuroscience Methods",
volume = "203",
number = "2",
pages = "386 - 397",
year = "2012",
issn = "0165-0270",
doi = "https://doi.org/10.1016/j.jneumeth.2011.09.031",
url = "http://www.sciencedirect.com/science/article/pii/S0165027011005991",
author = "Leila Cammoun and Xavier Gigandet and Djalel Meskaldji and Jean Philippe Thiran and Olaf Sporns and Kim Q. Do and Philippe Maeder and Reto Meuli and Patric Hagmann",
keywords = "Brain connectivity, Structural networks, Diffusion MRI, Connectomics, Connection matrix, Multi-scale"
}

@article{Fischl2004parcellation,
    author = {Fischl, Bruce and van der Kouwe, André and Destrieux, Christophe and Halgren, Eric and Ségonne, Florent and Salat, David H. and Busa, Evelina and Seidman, Larry J. and Goldstein, Jill and Kennedy, David and Caviness, Verne and Makris, Nikos and Rosen, Bruce and Dale, Anders M.},
    title = "{Automatically Parcellating the Human Cerebral Cortex}",
    journal = {Cerebral Cortex},
    volume = {14},
    number = {1},
    pages = {11-22},
    year = {2004},
    month = {01},
    issn = {1047-3211},
    doi = {10.1093/cercor/bhg087},
    url = {https://doi.org/10.1093/cercor/bhg087},
    eprint = {http://oup.prod.sis.lan/cercor/article-pdf/14/1/11/1193353/bhg087.pdf},
}

@article{DESIKAN2006968,
title = "An automated labeling system for subdividing the human cerebral cortex on MRI scans into gyral based regions of interest",
journal = "NeuroImage",
volume = "31",
number = "3",
pages = "968 - 980",
year = "2006",
issn = "1053-8119",
doi = "https://doi.org/10.1016/j.neuroimage.2006.01.021",
url = "http://www.sciencedirect.com/science/article/pii/S1053811906000437",
author = "Rahul S. Desikan and Florent Ségonne and Bruce Fischl and Brian T. Quinn and Bradford C. Dickerson and Deborah Blacker and Randy L. Buckner and Anders M. Dale and R. Paul Maguire and Bradley T. Hyman and Marilyn S. Albert and Ronald J. Killiany"
}

@article{JENKINSON2001143,
title = "A global optimisation method for robust affine registration of brain images",
journal = "Medical Image Analysis",
volume = "5",
number = "2",
pages = "143 - 156",
year = "2001",
issn = "1361-8415",
doi = "https://doi.org/10.1016/S1361-8415(01)00036-6",
url = "http://www.sciencedirect.com/science/article/pii/S1361841501000366",
author = "Mark Jenkinson and Stephen Smith"
}

@article{JENKINSON2002825,
title = "Improved Optimization for the Robust and Accurate Linear Registration and Motion Correction of Brain Images",
journal = "NeuroImage",
volume = "17",
number = "2",
pages = "825 - 841",
year = "2002",
issn = "1053-8119",
doi = "https://doi.org/10.1006/nimg.2002.1132",
url = "http://www.sciencedirect.com/science/article/pii/S1053811902911328",
author = "Mark Jenkinson and Peter Bannister and Michael Brady and Stephen Smith"
}

@article{amunts2013bigbrain,
  title={BigBrain: an ultrahigh-resolution 3D human brain model},
  author={Amunts, Katrin and Lepage, Claude and Borgeat, Louis and Mohlberg, Hartmut and Dickscheid, Timo and Rousseau, Marc-{\'E}tienne and Bludau, Sebastian and Bazin, Pierre-Louis and Lewis, Lindsay B and Oros-Peusquens, Ana-Maria and others},
  journal={Science},
  volume={340},
  number={6139},
  pages={1472--1475},
  year={2013},
  publisher={American Association for the Advancement of Science}
}

@article{MERKER1983235,
title = "Silver staining of cell bodies by means of physical development",
journal = "Journal of Neuroscience Methods",
volume = "9",
number = "3",
pages = "235 - 241",
year = "1983",
issn = "0165-0270",
doi = "https://doi.org/10.1016/0165-0270(83)90086-9",
url = "http://www.sciencedirect.com/science/article/pii/0165027083900869",
author = "Björn Merker",
keywords = "silver methods, physical development, cell bodies, Nissl substance"
}

@article{VANESSEN201362,
title = "The WU-Minn Human Connectome Project: An overview",
journal = "NeuroImage",
volume = "80",
pages = "62 - 79",
year = "2013",
note = "Mapping the Connectome",
issn = "1053-8119",
doi = "https://doi.org/10.1016/j.neuroimage.2013.05.041",
url = "http://www.sciencedirect.com/science/article/pii/S1053811913005351",
author = "David C. Van Essen and Stephen M. Smith and Deanna M. Barch and Timothy E.J. Behrens and Essa Yacoub and Kamil Ugurbil"
}

@article{beul2017predictive,
  title={A predictive structural model of the primate connectome},
  author={Beul, Sarah F and Barbas, Helen and Hilgetag, Claus C},
  journal={Scientific reports},
  volume={7},
  pages={43176},
  year={2017},
  publisher={Nature Publishing Group}
}

@article{beul2015predictive,
  title={A predictive model of the cat cortical connectome based on cytoarchitecture and distance},
  author={Beul, Sarah F and Grant, Simon and Hilgetag, Claus C},
  journal={Brain Structure and Function},
  volume={220},
  number={6},
  pages={3167--3184},
  year={2015},
  publisher={Springer}
}

@article{goulas2016cytoarchitectonic,
  title={Cytoarchitectonic similarity is a wiring principle of the human connectome},
  author={Goulas, Alexandros and Werner, Rene and Beul, Sarah F and Saering, Dennis and van den Heuvel, Martijn and Triarhou, Lazaros C and Hilgetag, Claus C},
  journal={BioRxiv},
  pages={068254},
  year={2016},
  publisher={Cold Spring Harbor Laboratory}
}

@article{hilgetag2016primate,
  title={The primate connectome in context: Principles of connections of the cortical visual system},
  author={Hilgetag, Claus C and Medalla, Maria and Beul, Sarah F and Barbas, Helen},
  journal={NeuroImage},
  volume={134},
  pages={685--702},
  year={2016},
  publisher={Elsevier}
}

@article{goulas2017principles,
  title={Principles of ipsilateral and contralateral cortico-cortical connectivity in the mouse},
  author={Goulas, Alexandros and Uylings, Harry BM and Hilgetag, Claus C},
  journal={Brain Structure and Function},
  volume={222},
  number={3},
  pages={1281--1295},
  year={2017},
  publisher={Springer}
}
@article{van2015bridging,
  title={Bridging cytoarchitectonics and connectomics in human cerebral cortex},
  author={van den Heuvel, Martijn P and Scholtens, Lianne H and Barrett, Lisa Feldman and Hilgetag, Claus C and de Reus, Marcel A},
  journal={Journal of Neuroscience},
  volume={35},
  number={41},
  pages={13943--13948},
  year={2015},
  publisher={Soc Neuroscience}
}

@article{scholtens2014linking,
  title={Linking macroscale graph analytical organization to microscale neuroarchitectonics in the macaque connectome},
  author={Scholtens, Lianne H and Schmidt, Ruben and de Reus, Marcel A and van den Heuvel, Martijn P},
  journal={Journal of Neuroscience},
  volume={34},
  number={36},
  pages={12192--12205},
  year={2014},
  publisher={Soc Neuroscience}
}

@article{barbas2015general,
  title={General cortical and special prefrontal connections: principles from structure to function},
  author={Barbas, Helen},
  journal={Annual review of neuroscience},
  volume={38},
  pages={269--289},
  year={2015},
  publisher={Annual Reviews}
}

@article{elston2001pyramidal,
  title={The pyramidal cell in cognition: a comparative study in human and monkey},
  author={Elston, Guy N and Benavides-Piccione, Ruth and DeFelipe, Javier},
  journal={Journal of Neuroscience},
  volume={21},
  number={17},
  pages={RC163},
  year={2001},
  publisher={Society for Neuroscience, Highwire Press}
}

@article{elston2003cortex,
  title={Cortex, cognition and the cell: new insights into the pyramidal neuron and prefrontal function},
  author={Elston, Guy N},
  journal={Cerebral Cortex},
  volume={13},
  number={11},
  pages={1124--1138},
  year={2003},
  publisher={Oxford University Press}
}

@book {von1925cytoarchitektonik,
  title = {cytoarchitecture of an adult human cortex},
  author = {by Economo, Constantin Freiherr and Koskinas, Georg N},
  year = {1925},
  publisher = {J. Springer}
}

@book {brodmann1909vergleichende,
  title = {Comparative Localization Theory of the Cerebral Cortex Illustrated in Its Principles by Cell Construction},
  author = {Brodmann, Korbinian},
  year = {1909},
  publisher = {Barth} 
}

@article{van_den_heuvel_network_2013,
	title = {Network hubs in the human brain},
	volume = {17},
	issn = {1364-6613, 1879-307X},
	url = {http://www.cell.com/trends/cognitive-sciences/abstract/S1364-6613(13)00216-7},
	doi = {10.1016/j.tics.2013.09.012},
	pages = {683--696},
	number = {12},
	journaltitle = {Trends in Cognitive Sciences},
	shortjournal = {Trends in Cognitive Sciences},
	author = {van den Heuvel, Martijn P. and Sporns, Olaf},
	urldate = {2017-08-21},
	date = {2013-12-01},
	pmid = {24231140}
}

@article{bullmore_economy_2012,
	title = {The economy of brain network organization},
	volume = {13},
	rights = {© 2012 Nature Publishing Group},
	issn = {1471-003X},
	url = {http://www.nature.com/nrn/journal/v13/n5/full/nrn3214.html?foxtrotcallback=true},
	doi = {10.1038/nrn3214},
	pages = {336--349},
	number = {5},
	journaltitle = {Nature Reviews Neuroscience},
	shortjournal = {Nat Rev Neurosci},
	author = {Bullmore, Ed and Sporns, Olaf},
	urldate = {2017-08-21},
	date = {2012-05},
	langid = {english},
	file = {Snapshot:/Users/yongbin/Zotero/storage/PCCX6GBH/nrn3214.html:text/html}
}

@article{yuste_dendritic_2011,
	title = {Dendritic Spines and Distributed Circuits},
	volume = {71},
	issn = {0896-6273},
	url = {http://www.cell.com/neuron/abstract/S0896-6273(11)00651-9},
	doi = {10.1016/j.neuron.2011.07.024},
	pages = {772--781},
	number = {5},
	journaltitle = {Neuron},
	shortjournal = {Neuron},
	author = {Yuste, Rafael},
	urldate = {2017-08-28},
	date = {2011-09-08},
	pmid = {21903072},
	file = {Full Text PDF:/Users/yongbin/Zotero/storage/TC5P3UU2/Yuste - 2011 - Dendritic Spines and Distributed Circuits.pdf:application/pdf;Snapshot:/Users/yongbin/Zotero/storage/ZU4HJ92J/S0896-6273(11)00651-9.html:text/html}
}

@article{ullo_functional_2014,
	title = {Functional connectivity estimation over large networks at cellular resolution based on electrophysiological recordings and structural prior},
	volume = {8},
	issn = {1662-5129},
	url = {http://journal.frontiersin.org/article/10.3389/fnana.2014.00137/full},
	doi = {10.3389/fnana.2014.00137},
	journaltitle = {Frontiers in Neuroanatomy},
	shortjournal = {Front. Neuroanat.},
	author = {Ullo, Simona and Nieus, Thierry R. and Sona, Diego and Maccione, Alessandro and Berdondini, Luca and Murino, Vittorio},
	urldate = {2017-08-28},
	date = {2014},
	keywords = {Electrophysiology, Von Mises distribution, connetomics, graph heat kernel, high-density microelectrode array, in vitro culture, neuronal networks, probabilistic directional features, functional connectivity, structural connectivity}
}

@article{cossell_functional_2015,
	title = {Functional organization of excitatory synaptic strength in primary visual cortex},
	volume = {518},
	rights = {© 2015 Nature Publishing Group, a division of Macmillan Publishers Limited. All Rights Reserved.},
	issn = {0028-0836},
	url = {http://www.nature.com/nature/journal/v518/n7539/full/nature14182.html?foxtrotcallback=true},
	doi = {10.1038/nature14182},
	pages = {399--403},
	number = {7539},
	journaltitle = {Nature},
	shortjournal = {Nature},
	author = {Cossell, Lee and Iacaruso, Maria Florencia and Muir, Dylan R. and Houlton, Rachael and Sader, Elie N. and Ko, Ho and Hofer, Sonja B. and Mrsic-Flogel, Thomas D.},
	urldate = {2017-08-28},
	date = {2015-02-19},
	langid = {english},
	keywords = {Striate cortex, Visual system},
	file = {Snapshot:/Users/yongbin/Zotero/storage/VIJMERDD/nature14182.html:text/html}
}

@article{sporns_human_2005,
	title = {The Human Connectome: A Structural Description of the Human Brain},
	volume = {1},
	issn = {1553-7358},
	url = {http://journals.plos.org/ploscompbiol/article?id=10.1371/journal.pcbi.0010042},
	doi = {10.1371/journal.pcbi.0010042},
	shorttitle = {The Human Connectome},
	pages = {e42},
	number = {4},
	journaltitle = {{PLOS} Computational Biology},
	shortjournal = {{PLOS} Computational Biology},
	author = {Sporns, Olaf and Tononi, Giulio and Kötter, Rolf},
	urldate = {2017-08-21},
	date = {2005-09-30},
	keywords = {Brain, Brain Mapping, Cognitive neurology, Connectomics, Neural networks, Neuroanatomy, Neuroimaging, Neurons, neuroanatomy},
	file = {Full Text PDF:/Users/yongbin/Zotero/storage/G5C2X87R/Sporns et al. - 2005 - The Human Connectome A Structural Description of .pdf:application/pdf;Snapshot:/Users/yongbin/Zotero/storage/EU536WDZ/article.html:text/html}
}

@article{sporns_human_2011,
	title = {The human connectome: a complex network},
	volume = {1224},
	issn = {1749-6632},
	url = {http://onlinelibrary.wiley.com/doi/10.1111/j.1749-6632.2010.05888.x/abstract},
	doi = {10.1111/j.1749-6632.2010.05888.x},
	shorttitle = {The human connectome},
	pages = {109--125},
	number = {1},
	journaltitle = {Annals of the New York Academy of Sciences},
	author = {Sporns, Olaf},
	date = {2011-04-01},
	langid = {english},
	keywords = {Complex Systems, brain anatomy, diffusion imaging, networks, neural dynamics, resting state},
	file = {Full Text PDF:/Users/yongbin/Zotero/storage/GBVKP2NF/Sporns - 2011 - The human connectome a complex network.pdf:application/pdf;Snapshot:/Users/yongbin/Zotero/storage/GVGQ2878/abstract.html:text/html}
}

